3000 4942
677 425 910 497 -208-

260 624 448 688 discalceari
478 621 619 696 iubetur,
653 619 686 683 in
715 617 785 681 Iud.
817 619 845 691 9,
876 619 895 681 6
936 616 1194 692 discalcearetur,
1230 613 1350 707 Diam,-v

232 831 233 834 Ἴ
263 745 297 807 »Ι
319 762 351 825 p.
369 741 449 805 378«
469 738 558 824 facit
581 786 589 802 .
612 785 620 801 .
644 736 739 800 calcio
763 735 921 813 discalcio,
940 773 980 781 -
996 737 1136 798 osterum
1160 733 1334 800 discalcea·

260 866 312 926 tus
334 859 433 939 Suet,
457 858 534 940 ch.
557 878 611 934 m.,
635 854 738 937 Vulg,
762 854 849 918 Hier.
872 873 955 918 nom.
978 851 1067 917 hebr.
1091 873 1123 934 p.
1148 855 1188 919 55
1211 853 1252 918 sl.

210 1068 260 1108 14⁹0
340 1048 477 1111 discen
488 1046 558 1109 tic:
581 1044 667 1108 Tert.
682 1046 811 1108 uertens
827 1041 919 1119 Plu,
941 1061 1035 1123 quem
1051 1060 1135 1122 resp.
1153 1038 1239 1103 Hier.
1257 1038 1331 1103 adu.

262 1164 366 1229 Rufin.
391 1165 450 1244 III,
473 1163 515 1227 40
537 1163 707 1226 discentias
729 1160 979 1225 reminiscentias
1002 1183 1076 1224 esse.

339 1347 642 1415 discernibilis:
666 1346 906 1412 Msr.Victorin.
920 1347 993 1413 adu.
1008 1347 1118 1412 Arium
1136 1349 1160 1422 I,
1180 1349 1234 1426 49,
1251 1344 1334 1409 Can-

204 1469 665 1554 vdifflgendinibug.

338 1655 616 1756 ttsccrptoctus:
643 1671 734 1736 Thes.
758 1692 788 1737 n.
812 1672 868 1738 lat.
892 1693 924 1755 p.
950 1674 1020 1736 122.

338 1862 539 1944 (litttssssot't
569 1876 727 1941 Adsmsni
751 1898 775 1941 s.
800 1876 979 1941 Adamnsni
1004 1831 1334 1941 1)Θυί1480011ιῇ-

261 1997 323 2062 bas
346 2001 370 2076 Ι,
395 2001 413 2061 6
448 2003 530 2084 quod
560 2045 566 2058 .
591 2046 599 2061 .
626 1996 810 2061 monacham
838 2043 844 2058 .
869 2044 876 2058 .
906 1995 1108 2058 discessorem
1137 2043 1143 2060 .
1170 2043 1177 2058 .
1204 1996 1334 2078 nauipio

263 2119 443 2203 susceperit.

340 2286 506 2369 ttsettsc:
534 2304 631 2370 Aldh.
656 2303 741 2369 uus.
765 2303 904 2387 uirginis.
925 2306 975 2370 37.

339 2490 610 2574 distinctibilis:
639 2509 721 2574 Coei.
740 2512 816 2576 Aur.
839 2507 941 2592 signif.
966 2507 1062 2573 dicet.
1086 2529 1171 2592 pass.
1195 2507 1237 2571 40
1260 2531 1334 2590 quo-

261 2625 351 2692 modo
375 2629 527 2692 discernis
555 2630 661 2692 critice
689 2636 865 2706 sudantem,
897 2628 953 2690 boc
981 2640 1026 2690 est
1054 2627 1261 2691 discinctibili
1284 2650 1335 2689 su·

262 2752 350 2826 dore,
379 2747 435 2831 qui
458 2757 503 2807 est
525 2748 733 2824 necessarius,
764 2784 805 2793 -
834 2746 874 2810 ab
898 2769 931 2808 eo
955 2747 1014 2832 qui
1034 2745 1215 2832 diapborcsi
1237 2747 1336 2810 solui-

264 2864 349 2943 tur?‚·
379 2901 418 2910 -
454 2864 540 2928 mod.
566 2863 817 2942 distinctibilis«,
850 2864 937 2947 quod
964 2871 997 2930 et
1017 2887 1130 2930 uerum
1154 2886 1224 2930 esse
1245 2871 1334 2948 puto,

262 2983 368 3065 graeci
390 2982 521 3067 κριτικός
541 2984 873 3064 interpretamentum.

340 3168 674 3269 disciplinabiliter:
703 3186 846 3253 Cassiod.
869 3189 902 3253 in
924 3190 1019 3273 psalt.
1044 3191 1181 3273 praeit
1205 3192 1336 3257 cbocda-

263 3329 334 3370 rum
356 3305 414 3384 fila
439 3303 716 3389 disciplinabiliter
742 3309 863 3392 plectro
883 3333 1052 3394 percussa,
1083 3313 1114 3376 in
1139 3335 1184 3397 pfl.
1211 3318 1281 3396 150,
1304 3320 1335 3399 4,

263 3426 336 3490 hist
360 3425 436 3508 trip.
460 3428 484 3502 Ι,
510 3413 564 3507 11;
592 3427 671 3492 udi.
693 3428 736 3492 id.
758 3428 792 3492 in
814 3450 863 3512 ps.
886 3433 916 3509 4,
939 3433 968 3509 4,
991 3431 1025 3495 in
1051 3435 1119 3514 150,
1143 3437 1164 3499 4
1186 3435 1238 3516 sl,
1262 3437 1337 3504 Dio·

263 3565 330 3627 nys.
361 3544 450 3628 Exig.
481 3551 576 3610 creat
614 3546 698 3612 hom.
723 3549 760 3612 31
791 3573 852 3632 per
885 3549 966 3615 banc
1000 3553 1209 3636 artificiosam
1243 3566 1336 3640 atque

188 3656 191 3662 ¹
265 3664 529 3750 disciplinabilem
547 3667 777 3753 formationem
799 3680 973 3734 consertum
996 3673 1120 3735 animae
1145 3680 1337 3739 demonstrat

265 3783 406 3866 effectum
431 3786 560 3866 (natura
580 3785 742 3870 humana),
767 3788 841 3853 Isid.

344 3971 627 4057 discipulatus,
643 3995 695 4039 us:
711 3975 804 4055 Tert,
823 3961 926 4041 Rufia.
942 3977 1025 4061 Orig.
1037 3978 1136 4060 princ.
1152 3982 1189 4058 ΙΙ,
1206 3982 1235 4057 4,
1253 3979 1335 4058 tal,

265 4087 397 4171 [Rufii]
420 4091 453 4152 in
476 4091 804 4170 Am.1sd5‚13uc
827 4143 835 4158 .
857 4142 864 4157 .
889 4098 1100 4181 discipulatui
1120 4099 1200 4163 colla
1223 4100 1337 4163 subdu-

267 4221 347 4287 cent,
370 4208 466 4291 intpr.
491 4209 524 4274 in
547 4209 661 4274 Matth.
689 4213 747 4275 142
767 4213 901 4296 fructus
925 4215 1138 4298 discipulatus
1161 4219 1216 4279 sui
1234 4219 1337 4280 reddi·
