2940 4936
587 461 620 470 .„
669 425 795 489 75-

234 607 499 692 circuuicssic:
526 628 604 714 aug.
629 649 721 695 serm,
743 625 793 704 73,
812 626 831 690 3
854 626 1074 711 uroumfoisio
1097 631 1224 696 arcora

157 755 204 808 esi
225 745 392 810 humilitas
413 747 613 831 poenitentis.

234 914 511 982 circumfusio:
547 917 624 982 locis
646 937 697 1000 ap.
722 917 780 1000 Gg.
804 917 879 985 add.
903 918 1003 984 Hilar.
1026 920 1058 984 in
1080 940 1127 1002 ps.
1154 869 1226 1000 135,

157 1037 207 1109 11,
229 1034 338 1100 Ambr.
361 1056 411 1118 ep.
434 1037 485 1114 20,
511 1037 530 1102 3
554 1035 785 1121 (populorum).

234 1222 517 1323 circumimus:
546 1240 675 1323 Dionys.
689 1240 779 1324 uxig.
793 1240 887 1324 areg.
904 1246 1000 1307 creat.
1015 1242 1101 1308 hom,
1118 1263 1143 1306 ο.
1161 1244 1225 1306 si*

154 1379 270 1441 corpus
287 1357 498 1442 (aethereum)
516 1359 599 1444 quod
621 1361 775 1425 circulari
798 1362 1081 1448 cuicumqyuuiibua
1102 1385 1225 1426 mouea-

155 1487 209 1540 iuu
239 1476 484 1562 (circumgyrare
510 1479 583 1563 Veg.
614 1484 677 1545 uei.
702 1457 726 1559 1',
750 1482 801 1559 26,
836 1480 930 1545 Aldh.
959 1480 1046 1547 laud.
1070 1483 1148 1564 uirg.
1174 1486 1223 1560 11,

153 1615 271 1680 gyrare
292 1617 383 1676 rece,
408 1603 540 1682 gyratus
565 1599 629 1664 iam
651 1598 745 1681 Plin.)

233 1781 541 1868 circuuiuciiesci
570 1801 657 1867 cass.
680 1803 745 1868 rei.
763 1805 802 1868 ci
825 1801 867 1867 in.
890 1826 1029 1867 maian
1052 1803 1152 1887 (oanis
1173 1823 1225 1868 ra

153 1915 236 2000 brer)
263 1917 444 1986 madianea·
470 1921 618 2007 iiiam
644 1920 881 1986 circumiaiiia
907 1932 1128 2007 impetam,-
1155 1904 1224 1985 cir·

154 2020 365 2104 cuuimisie
388 2037 473 2106 coer.
497 2041 573 2105 sur.
597 2041 681 2106 tari.
703 2039 745 2121 11,
771 2044 799 2122 1,
824 2043 860 2104 11
888 2043 925 2125 (r.
949 2039 1022 2125 ag.)
1082 2031 1084 2036 ·

232 2234 558 2336 circuminspicere:
589 2253 663 2336 sug.
674 2251 787 2318 uouit.
801 2271 871 2316 cum
883 2251 1058 2317 Maximino
1069 2253 1169 2335 pum
1181 2252 1223 2316 u.

155 2369 216 2453 qui
234 2372 428 2454 superiorem
442 2393 502 2435 uou
518 2371 618 2450 habet,
643 2396 663 2437 a
678 2394 736 2456 quo
752 2372 1062 2455 circuminspiciatur
1068 2394 1078 2451 ,·
1102 2408 1143 2418 -
1165 2370 1225 2434 cir-

156 2488 411 2571 cuminspecisns
434 2494 516 2556 suci.
540 2488 583 2554 ad
610 2489 747 2555 Herenn.
770 2488 827 2570 IV,
850 2490 892 2555 50
914 2494 947 2555 ei
969 2492 1009 2556 55
1033 2492 1082 2573 (ut
1102 2489 1226 2573 Kayser

155 2607 189 2672 in
212 2608 286 2673 edii.
312 2610 395 2675 1854
416 2629 477 2676 sec.
501 2630 576 2674 mss.
600 2601 741 2694 scripum
764 2608 857 2693 uulgo
884 2617 993 2675 tamen
1019 2608 1139 2674 editur:
1168 2609 1225 2674 cir·

157 2729 398 2812 cumspectans).
985 2707 986 2710 Ἴ

235 2896 591 2964 circumlustrare:
615 2899 717 2978 Luca,
741 2898 796 2963 Sil.
821 2899 845 2977 1,
867 2900 929 2964 298
958 2899 1226 2963 circumlustrauit

157 3017 266 3084 anicio
288 3041 394 3082 mums
418 3041 531 3083 saeuus
555 3041 640 3105 equo,
663 3017 767 3083 Rufin.
784 3017 868 3102 Orig.
885 3018 917 3082 in
940 3018 1011 3084 Iesu
1027 3018 1117 3083 Naue
1138 3017 1224 3082 hom.

157 3137 188 3214 i,
212 3137 240 3214 6,
264 3135 342 3201 (iod.
366 3135 485 3201 Theod.

1 3383 4 3386 ,
115 3345 158 3386 5⁵10
236 3303 553 3388 circummuniam:
583 3323 614 3387 s.
637 3324 667 3388 s.
692 3323 733 3388 ss.
759 3326 802 3408 (e,
827 3326 859 3407 i)
890 3344 941 3407 ap.
964 3323 1061 3406 intpr.
1085 3323 1171 3406 Orig.
1194 3322 1227 3387 in

157 3441 199 3505 le.
214 3439 297 3505 hom.
313 3443 378 3522 iii
402 3441 675 3506 circummundavi
692 3455 825 3527 peccata
849 3456 904 3507 iuu
928 3441 1033 3526 (Vulg.
1051 3441 1226 3534 mundani).

235 3636 534 3738 ciieiiiiiiiciiicie:
562 3652 684 3719 Aethio.
703 3675 855 3737 cosmogr.
875 3657 913 3717 12
927 3655 1056 3740 fluuius
1071 3653 1227 3718 Iordanes

158 3774 302 3837 uescitur
324 3774 381 3836 sub
404 3773 531 3839 Libano
553 3785 668 3853 moute,
700 3775 922 3860 circumpeuqii
946 3772 990 3838 ud
1011 3777 1113 3836 lucum
1141 3771 1229 3836 Tibe-

161 3890 302 3971 riudam
325 3927 365 3938 -
388 3889 540 3970 insonte,
571 3891 602 3956 h.
626 3913 651 3957 e.
675 3893 707 3956 in
729 3892 788 3957 Iul.
812 3892 931 3956 Honor.
955 3911 1109 3974 cosmogr.
1131 3911 1163 3974 p.
1187 3891 1225 3955 31
1342 3875 1343 3878 “

159 4007 253 4074 Riese
278 4011 339 4075 esi:
368 4008 522 4075 circuiens
545 4031 616 4075 eum
639 4011 823 4095 (Libanum)
850 4011 955 4093 pergit
977 4009 1010 4074 in
1031 4009 1137 4075 lacum
1160 4008 1227 4074 Tib.

238 4179 524 4281 circumplexam:
565 4197 681 4280 [Fulg.]
711 4216 796 4262 serm
831 4198 871 4262 10
904 4208 1063 4282 acceptum
1089 4217 1229 4280 puerum
