<?xml version="1.0" encoding="UTF-8"?>
<!DOCTYPE html PUBLIC "-//W3C//DTD XHTML 1.0 Transitional//EN"
    "http://www.w3.org/TR/xhtml1/DTD/xhtml1-transitional.dtd">
<html xmlns="http://www.w3.org/1999/xhtml" xml:lang="en" lang="en">
 <head>
  <title>
</title>
<meta http-equiv="Content-Type" content="text/html;charset=utf-8" />
  <meta name='ocr-system' content='tesseract 3.04.00' />
  <meta name='ocr-capabilities' content='ocr_page ocr_carea ocr_par ocr_line ocrx_word'/>
</head>
<body>
  <div class='ocr_page' id='page_1' title='image "./supplementumlex00paucgoog_0221.png"; bbox 0 0 3000 4942; ppageno 0'>
   <div class='ocr_carea' id='block_1_1' title="bbox 642 379 921 441">
    <p class='ocr_par' dir='ltr' id='par_1_1' title="bbox 642 379 921 441">
     <span class='ocr_line' id='line_1_1' title="bbox 642 379 921 441; baseline 0.004 -1"><span class='ocrx_word' id='word_1_1' title='bbox 642 379 921 441; x_wconf 86' lang='grc'>“--214-</span> 
     </span>
    </p>
   </div>
   <div class='ocr_carea' id='block_1_2' title="bbox 217 561 1429 1840">
    <p class='ocr_par' dir='ltr' id='par_1_2' title="bbox 217 561 1429 1840">
     <span class='ocr_line' id='line_1_2' title="bbox 272 561 1347 648; baseline 0 -20"><span class='ocrx_word' id='word_1_2' title='bbox 272 589 292 628; x_wconf 89' lang='lat' dir='ltr'><strong><em>a</em></strong></span> <span class='ocrx_word' id='word_1_3' title='bbox 314 565 447 630; x_wconf 92' lang='lat' dir='ltr'><em>Domino</em></span> <span class='ocrx_word' id='word_1_4' title='bbox 473 567 506 628; x_wconf 92' lang='lat' dir='ltr'><em>in</em></span> <span class='ocrx_word' id='word_1_5' title='bbox 530 564 765 648; x_wconf 86' lang='lat' dir='ltr'><em>dispensatione</em></span> <span class='ocrx_word' id='word_1_6' title='bbox 787 575 981 648; x_wconf 73' lang='lat' dir='ltr'><em>susceptum,</em></span> <span class='ocrx_word' id='word_1_7' title='bbox 1012 562 1055 626; x_wconf 91' lang='lat' dir='ltr'><em>id.</em></span> <span class='ocrx_word' id='word_1_8' title='bbox 1084 561 1180 628; x_wconf 87' lang='lat' dir='ltr'><em>Clem.</em></span> <span class='ocrx_word' id='word_1_9' title='bbox 1205 562 1347 646; x_wconf 84' lang='lat' dir='ltr'><em>Recogn.</em></span> 
     </span>
     <span class='ocr_line' id='line_1_3' title="bbox 271 682 1429 768; baseline -0.002 -18"><span class='ocrx_word' id='word_1_10' title='bbox 271 686 356 762; x_wconf 87' lang='lat' dir='ltr'>VIII,</span> <span class='ocrx_word' id='word_1_11' title='bbox 373 686 413 748; x_wconf 83' lang='grc'><em>25</em></span> <span class='ocrx_word' id='word_1_12' title='bbox 436 708 471 746; x_wconf 89' lang='lat' dir='ltr'><em>ne</em></span> <span class='ocrx_word' id='word_1_13' title='bbox 493 683 676 747; x_wconf 88' lang='lat' dir='ltr'><em>uiderentur</em></span> <span class='ocrx_word' id='word_1_14' title='bbox 699 682 772 746; x_wconf 74' lang='lat' dir='ltr'><em>leaeo</em></span> <span class='ocrx_word' id='word_1_15' title='bbox 794 695 928 747; x_wconf 87' lang='lat' dir='ltr'><em>naturae</em></span> <span class='ocrx_word' id='word_1_16' title='bbox 945 689 1079 768; x_wconf 79' lang='lat' dir='ltr'><em>quodam</em></span> <span class='ocrx_word' id='word_1_17' title='bbox 1100 682 1209 747; x_wconf 89' lang='lat' dir='ltr'><em>ordine</em></span> <span class='ocrx_word' id='word_1_18' title='bbox 1231 695 1259 746; x_wconf 91' lang='lat' dir='ltr'><em>et</em></span> <span class='ocrx_word' id='word_1_19' title='bbox 1282 708 1347 750; x_wconf 89' lang='lat' dir='ltr'><em>non</em></span> <span class='ocrx_word' id='word_1_20' title='bbox 1410 702 1429 729; x_wconf 88' lang='lat'><strong>·</strong></span> 
     </span>
     <span class='ocr_line' id='line_1_4' title="bbox 272 800 1347 890; baseline 0 -24"><span class='ocrx_word' id='word_1_21' title='bbox 272 804 507 890; x_wconf 72' lang='lat' dir='ltr'><em>dispensatione</em></span> <span class='ocrx_word' id='word_1_22' title='bbox 527 804 601 885; x_wconf 68' lang='lat' dir='ltr'><em>fieri</em></span> <span class='ocrx_word' id='word_1_23' title='bbox 617 803 793 879; x_wconf 81' lang='lat' dir='ltr'><em>conditoris,</em></span> <span class='ocrx_word' id='word_1_24' title='bbox 816 800 858 865; x_wconf 91' lang='lat' dir='ltr'><em>ib.</em></span> <span class='ocrx_word' id='word_1_25' title='bbox 875 822 956 884; x_wconf 65' lang='lat' dir='ltr'><em>sup,</em></span> <span class='ocrx_word' id='word_1_26' title='bbox 973 800 1016 865; x_wconf 90' lang='lat' dir='ltr'><em>ib.</em></span> <span class='ocrx_word' id='word_1_27' title='bbox 1035 801 1088 880; x_wconf 85' lang='lat' dir='ltr'><em>IX,</em></span> <span class='ocrx_word' id='word_1_28' title='bbox 1106 803 1124 864; x_wconf 79' lang='lat'><strong>7</strong></span> <span class='ocrx_word' id='word_1_29' title='bbox 1142 801 1193 881; x_wconf 63' lang='lat' dir='ltr'><em>al,</em></span> <span class='ocrx_word' id='word_1_30' title='bbox 1211 802 1347 888; x_wconf 86' lang='lat' dir='ltr'>[Rufin.]</span> 
     </span>
     <span class='ocr_line' id='line_1_5' title="bbox 270 920 1346 1005; baseline 0.002 -20"><span class='ocrx_word' id='word_1_31' title='bbox 270 923 302 986; x_wconf 88' lang='lat' dir='ltr'><em>in</em></span> <span class='ocrx_word' id='word_1_32' title='bbox 319 921 421 985; x_wconf 90' lang='lat' dir='ltr'><em>Am.I</em></span> <span class='ocrx_word' id='word_1_33' title='bbox 443 920 485 985; x_wconf 82' lang='lat' dir='ltr'><em>ad</em></span> <span class='ocrx_word' id='word_1_34' title='bbox 508 923 590 997; x_wconf 83' lang='lat'>4,11</span> <span class='ocrx_word' id='word_1_35' title='bbox 617 921 850 985; x_wconf 73' lang='lat' dir='ltr'><em>misericordias</em></span> <span class='ocrx_word' id='word_1_36' title='bbox 872 921 1014 999; x_wconf 89' lang='lat' dir='ltr'><em>Domini,</em></span> <span class='ocrx_word' id='word_1_37' title='bbox 1039 945 1119 1005; x_wconf 87' lang='lat' dir='ltr'><em>quas</em></span> <span class='ocrx_word' id='word_1_38' title='bbox 1143 923 1176 985; x_wconf 94' lang='lat' dir='ltr'><em>in</em></span> <span class='ocrx_word' id='word_1_39' title='bbox 1200 922 1346 988; x_wconf 84' lang='lat' dir='ltr'><em>omnibus</em></span> 
     </span>
     <span class='ocr_line' id='line_1_6' title="bbox 271 1039 1346 1124; baseline 0.003 -20"><span class='ocrx_word' id='word_1_40' title='bbox 271 1043 339 1105; x_wconf 91' lang='lat' dir='ltr'><em>suis</em></span> <span class='ocrx_word' id='word_1_41' title='bbox 364 1039 648 1124; x_wconf 76' lang='lat' dir='ltr'><em>dispensationibus</em></span> <span class='ocrx_word' id='word_1_42' title='bbox 672 1047 880 1103; x_wconf 77' lang='lat' dir='ltr'><em>commendare</em></span> <span class='ocrx_word' id='word_1_43' title='bbox 903 1064 964 1105; x_wconf 88' lang='lat' dir='ltr'><em>non</em></span> <span class='ocrx_word' id='word_1_44' title='bbox 988 1040 1108 1116; x_wconf 79' lang='lat' dir='ltr'><em>desinit,</em></span> <span class='ocrx_word' id='word_1_45' title='bbox 1137 1041 1169 1104; x_wconf 88' lang='lat' dir='ltr'><em>in</em></span> <span class='ocrx_word' id='word_1_46' title='bbox 1193 1039 1277 1104; x_wconf 86' lang='lat' dir='ltr'><em>Os.1</em></span> <span class='ocrx_word' id='word_1_47' title='bbox 1302 1043 1346 1107; x_wconf 86' lang='lat' dir='ltr'><em>ad</em></span> 
     </span>
     <span class='ocr_line' id='line_1_7' title="bbox 274 1157 1345 1241; baseline 0.003 -17"><span class='ocrx_word' id='word_1_48' title='bbox 274 1164 301 1240; x_wconf 93' lang='lat' dir='ltr'><em>l,</em></span> <span class='ocrx_word' id='word_1_49' title='bbox 326 1162 345 1224; x_wconf 89' lang='lat'>8</span> <span class='ocrx_word' id='word_1_50' title='bbox 370 1158 421 1239; x_wconf 78' lang='grc'>111,</span> <span class='ocrx_word' id='word_1_51' title='bbox 444 1157 558 1223; x_wconf 83' lang='lat' dir='ltr'><em>Iulian.</em></span> <span class='ocrx_word' id='word_1_52' title='bbox 583 1177 633 1240; x_wconf 85' lang='lat' dir='ltr'><em>ap.</em></span> <span class='ocrx_word' id='word_1_53' title='bbox 651 1160 729 1240; x_wconf 84' lang='lat' dir='ltr'><em>Aug.</em></span> <span class='ocrx_word' id='word_1_54' title='bbox 752 1179 778 1222; x_wconf 87' lang='lat' dir='ltr'><em>e.</em></span> <span class='ocrx_word' id='word_1_55' title='bbox 803 1179 863 1223; x_wconf 84' lang='lat' dir='ltr'><em>see.</em></span> <span class='ocrx_word' id='word_1_56' title='bbox 886 1179 969 1240; x_wconf 85' lang='lat' dir='ltr'><em>resp.</em></span> <span class='ocrx_word' id='word_1_57' title='bbox 985 1158 1043 1239; x_wconf 85' lang='lat' dir='ltr'><em>Iul.</em></span> <span class='ocrx_word' id='word_1_58' title='bbox 1061 1161 1115 1237; x_wconf 91' lang='lat' dir='ltr'><em>IV,</em></span> <span class='ocrx_word' id='word_1_59' title='bbox 1135 1160 1188 1238; x_wconf 88' lang='grc'>80,</span> <span class='ocrx_word' id='word_1_60' title='bbox 1211 1159 1253 1224; x_wconf 93' lang='lat' dir='ltr'><em>ib.</em></span> <span class='ocrx_word' id='word_1_61' title='bbox 1273 1162 1345 1241; x_wconf 92' lang='grc'>128,</span> 
     </span>
     <span class='ocr_line' id='line_1_8' title="bbox 270 1276 1343 1362; baseline 0.004 -20"><span class='ocrx_word' id='word_1_62' title='bbox 270 1279 368 1362; x_wconf 87' lang='lat' dir='ltr'><em>intpr.</em></span> <span class='ocrx_word' id='word_1_63' title='bbox 389 1277 475 1359; x_wconf 84' lang='lat' dir='ltr'><em>Orig.</em></span> <span class='ocrx_word' id='word_1_64' title='bbox 498 1278 530 1341; x_wconf 90' lang='lat' dir='ltr'><em>in</em></span> <span class='ocrx_word' id='word_1_65' title='bbox 546 1276 639 1344; x_wconf 79' lang='lat' dir='ltr'><em>Mtth.</em></span> <span class='ocrx_word' id='word_1_66' title='bbox 658 1279 717 1342; x_wconf 82' lang='grc'><em>131</em></span> <span class='ocrx_word' id='word_1_67' title='bbox 742 1277 793 1357; x_wconf 85' lang='lat' dir='ltr'><em>sl.,</em></span> <span class='ocrx_word' id='word_1_68' title='bbox 816 1277 895 1342; x_wconf 86' lang='lat' dir='ltr'><em>Mar.</em></span> <span class='ocrx_word' id='word_1_69' title='bbox 913 1277 1006 1343; x_wconf 90' lang='lat' dir='ltr'><em>Mero.</em></span> <span class='ocrx_word' id='word_1_70' title='bbox 1027 1278 1129 1361; x_wconf 84' lang='lat' dir='ltr'><em>praef.</em></span> <span class='ocrx_word' id='word_1_71' title='bbox 1154 1279 1196 1342; x_wconf 86' lang='lat' dir='ltr'><em>ad</em></span> <span class='ocrx_word' id='word_1_72' title='bbox 1212 1279 1343 1346; x_wconf 83' lang='lat' dir='ltr'><em>Euther.</em></span> 
     </span>
     <span class='ocr_line' id='line_1_9' title="bbox 270 1395 1342 1481; baseline 0.002 -19"><span class='ocrx_word' id='word_1_73' title='bbox 270 1419 302 1480; x_wconf 90' lang='lat' dir='ltr'><em>p.</em></span> <span class='ocrx_word' id='word_1_74' title='bbox 321 1398 414 1475; x_wconf 88' lang='lat'>1086,</span> <span class='ocrx_word' id='word_1_75' title='bbox 437 1397 480 1460; x_wconf 90' lang='lat' dir='ltr'><em>id.</em></span> <span class='ocrx_word' id='word_1_76' title='bbox 498 1395 607 1479; x_wconf 79' lang='lat' dir='ltr'><em>cyrill.</em></span> <span class='ocrx_word' id='word_1_77' title='bbox 630 1397 689 1460; x_wconf 87' lang='lat' dir='ltr'><em>inc.</em></span> <span class='ocrx_word' id='word_1_78' title='bbox 706 1396 789 1479; x_wconf 82' lang='lat' dir='ltr'><em>unig.</em></span> <span class='ocrx_word' id='word_1_79' title='bbox 808 1398 856 1477; x_wconf 88' lang='grc'><em>13,</em></span> <span class='ocrx_word' id='word_1_80' title='bbox 881 1396 1014 1461; x_wconf 82' lang='lat' dir='ltr'><em>Primae.</em></span> <span class='ocrx_word' id='word_1_81' title='bbox 1037 1397 1069 1460; x_wconf 89' lang='lat' dir='ltr'><em>in</em></span> <span class='ocrx_word' id='word_1_82' title='bbox 1090 1398 1187 1481; x_wconf 90' lang='lat' dir='ltr'><em>Apoe.</em></span> <span class='ocrx_word' id='word_1_83' title='bbox 1202 1401 1228 1464; x_wconf 90' lang='lat' dir='ltr'>V</span> <span class='ocrx_word' id='word_1_84' title='bbox 1245 1400 1287 1463; x_wconf 84' lang='lat' dir='ltr'><em>ed</em></span> <span class='ocrx_word' id='word_1_85' title='bbox 1304 1403 1342 1464; x_wconf 93' lang='grc'><em>21</em></span> 
     </span>
     <span class='ocr_line' id='line_1_10' title="bbox 217 1516 1347 1601; baseline 0.001 -20"><span class='ocrx_word' id='word_1_86' title='bbox 217 1523 221 1534; x_wconf 92' lang='grc'><strong>’</strong></span> <span class='ocrx_word' id='word_1_87' title='bbox 273 1539 405 1601; x_wconf 84' lang='lat' dir='ltr'><em>quorum</em></span> <span class='ocrx_word' id='word_1_88' title='bbox 429 1517 626 1600; x_wconf 76' lang='lat' dir='ltr'><em>(procerum)</em></span> <span class='ocrx_word' id='word_1_89' title='bbox 649 1517 710 1579; x_wconf 83' lang='lat' dir='ltr'><em>iiia</em></span> <span class='ocrx_word' id='word_1_90' title='bbox 730 1540 806 1600; x_wconf 81' lang='lat' dir='ltr'><em>pens</em></span> <span class='ocrx_word' id='word_1_91' title='bbox 834 1516 1065 1601; x_wconf 86' lang='lat' dir='ltr'><em>dispensatione</em></span> <span class='ocrx_word' id='word_1_92' title='bbox 1088 1541 1124 1580; x_wconf 88' lang='lat' dir='ltr'><em>aa</em></span> <span class='ocrx_word' id='word_1_93' title='bbox 1147 1516 1264 1582; x_wconf 89' lang='lat' dir='ltr'><em>duoatu</em></span> <span class='ocrx_word' id='word_1_94' title='bbox 1286 1521 1347 1582; x_wconf 88' lang='lat' dir='ltr'><em>mi·</em></span> 
     </span>
     <span class='ocr_line' id='line_1_11' title="bbox 271 1634 1345 1721; baseline 0.002 -22"><span class='ocrx_word' id='word_1_95' title='bbox 271 1636 416 1701; x_wconf 75' lang='lat' dir='ltr'><em>rabititer</em></span> <span class='ocrx_word' id='word_1_96' title='bbox 445 1637 629 1721; x_wconf 75' lang='lat' dir='ltr'><em>repetatur,</em></span> <span class='ocrx_word' id='word_1_97' title='bbox 659 1634 799 1699; x_wconf 84' lang='lat' dir='ltr'><em>Cassiod.</em></span> <span class='ocrx_word' id='word_1_98' title='bbox 822 1635 854 1698; x_wconf 88' lang='lat' dir='ltr'><em>in</em></span> <span class='ocrx_word' id='word_1_99' title='bbox 885 1655 930 1716; x_wconf 92' lang='lat' dir='ltr'><em>pe.</em></span> <span class='ocrx_word' id='word_1_100' title='bbox 955 1636 996 1699; x_wconf 89' lang='grc'><em>34</em></span> <span class='ocrx_word' id='word_1_101' title='bbox 1019 1657 1043 1699; x_wconf 85' lang='lat' dir='ltr'><em>e.</em></span> <span class='ocrx_word' id='word_1_102' title='bbox 1067 1635 1088 1698; x_wconf 86' lang='grc'><em>1.</em></span> <span class='ocrx_word' id='word_1_103' title='bbox 1118 1640 1345 1701; x_wconf 80' lang='lat' dir='ltr'><em>consideremus</em></span> 
     </span>
     <span class='ocr_line' id='line_1_12' title="bbox 271 1754 1346 1840; baseline 0.005 -23"><span class='ocrx_word' id='word_1_104' title='bbox 271 1754 445 1818; x_wconf 89' lang='lat' dir='ltr'><em>Dominum</em></span> <span class='ocrx_word' id='word_1_105' title='bbox 467 1777 525 1839; x_wconf 89' lang='lat' dir='ltr'><em>per</em></span> <span class='ocrx_word' id='word_1_106' title='bbox 549 1767 647 1817; x_wconf 88' lang='lat' dir='ltr'><em>totum</em></span> <span class='ocrx_word' id='word_1_107' title='bbox 665 1754 828 1839; x_wconf 88' lang='lat' dir='ltr'><em>psalmum</em></span> <span class='ocrx_word' id='word_1_108' title='bbox 856 1767 976 1839; x_wconf 86' lang='lat' dir='ltr'><em>quanta</em></span> <span class='ocrx_word' id='word_1_109' title='bbox 1003 1755 1093 1818; x_wconf 82' lang='lat' dir='ltr'><em>nobis</em></span> <span class='ocrx_word' id='word_1_110' title='bbox 1116 1757 1346 1840; x_wconf 80' lang='lat' dir='ltr'><em>dispensatione</em></span> 
     </span>
    </p>
   </div>
   <div class='ocr_carea' id='block_1_3' title="bbox 270 1874 1346 2197">
    <p class='ocr_par' dir='ltr' id='par_1_3' title="bbox 270 1874 1346 2197">
     <span class='ocr_line' id='line_1_13' title="bbox 272 1874 1344 1962; baseline 0.004 -26"><span class='ocrx_word' id='word_1_111' title='bbox 272 1875 358 1959; x_wconf 79' lang='lat' dir='ltr'><em>loqui</em></span> <span class='ocrx_word' id='word_1_112' title='bbox 382 1874 529 1959; x_wconf 72' lang='lat' dir='ltr'><em>dionatus</em></span> <span class='ocrx_word' id='word_1_113' title='bbox 552 1888 606 1952; x_wconf 89' lang='lat' dir='ltr'><em>est,</em></span> <span class='ocrx_word' id='word_1_114' title='bbox 629 1875 662 1938; x_wconf 88' lang='lat' dir='ltr'><em>in</em></span> <span class='ocrx_word' id='word_1_115' title='bbox 686 1877 714 1954; x_wconf 89' lang='grc'><em>5,</em></span> <span class='ocrx_word' id='word_1_116' title='bbox 742 1877 788 1949; x_wconf 86' lang='grc'><em>15,</em></span> <span class='ocrx_word' id='word_1_117' title='bbox 811 1875 843 1937; x_wconf 89' lang='lat' dir='ltr'><em>in</em></span> <span class='ocrx_word' id='word_1_118' title='bbox 864 1895 911 1956; x_wconf 86' lang='lat' dir='ltr'><em>pe.</em></span> <span class='ocrx_word' id='word_1_119' title='bbox 930 1877 948 1939; x_wconf 84' lang='lat'>9</span> <span class='ocrx_word' id='word_1_120' title='bbox 972 1874 1064 1940; x_wconf 85' lang='lat' dir='ltr'><em>diuis.</em></span> <span class='ocrx_word' id='word_1_121' title='bbox 1089 1875 1140 1959; x_wconf 86' lang='lat' dir='ltr'><em>(ol.</em></span> <span class='ocrx_word' id='word_1_122' title='bbox 1157 1877 1189 1939; x_wconf 89' lang='lat' dir='ltr'><em>in</em></span> <span class='ocrx_word' id='word_1_123' title='bbox 1212 1878 1344 1962; x_wconf 80' lang='lat'>19,12),</span> 
     </span>
     <span class='ocr_line' id='line_1_14' title="bbox 270 1990 1346 2079; baseline 0.005 -22"><span class='ocrx_word' id='word_1_124' title='bbox 270 1993 304 2057; x_wconf 92' lang='lat' dir='ltr'><em>in</em></span> <span class='ocrx_word' id='word_1_125' title='bbox 331 1995 369 2058; x_wconf 88' lang='grc'><em>19</em></span> <span class='ocrx_word' id='word_1_126' title='bbox 392 2013 417 2057; x_wconf 89' lang='lat' dir='ltr'><em>e.</em></span> <span class='ocrx_word' id='word_1_127' title='bbox 441 1993 472 2072; x_wconf 87' lang='lat' dir='ltr'><em>f,</em></span> <span class='ocrx_word' id='word_1_128' title='bbox 495 1994 529 2057; x_wconf 91' lang='lat' dir='ltr'><em>in</em></span> <span class='ocrx_word' id='word_1_129' title='bbox 553 1995 589 2056; x_wconf 89' lang='grc'><em>21</em></span> <span class='ocrx_word' id='word_1_130' title='bbox 617 1993 708 2056; x_wconf 87' lang='lat' dir='ltr'><em>diuis.</em></span> <span class='ocrx_word' id='word_1_131' title='bbox 727 1990 778 2071; x_wconf 73' lang='grc'>111,</span> <span class='ocrx_word' id='word_1_132' title='bbox 802 1991 854 2057; x_wconf 83' lang='lat' dir='ltr'><em>all.</em></span> <span class='ocrx_word' id='word_1_133' title='bbox 878 1992 1028 2058; x_wconf 83' lang='lat' dir='ltr'><em>Perinde:</em></span> <span class='ocrx_word' id='word_1_134' title='bbox 1053 1993 1346 2079; x_wconf 88' lang='lat' dir='ltr'><em>dispensatiue</em></span> 
     </span>
     <span class='ocr_line' id='line_1_15' title="bbox 274 2111 1344 2197; baseline 0.005 -21"><span class='ocrx_word' id='word_1_135' title='bbox 274 2112 361 2177; x_wconf 91' lang='lat' dir='ltr'><em>Hier.</em></span> <span class='ocrx_word' id='word_1_136' title='bbox 385 2112 482 2196; x_wconf 85' lang='lat' dir='ltr'>(DV),</span> <span class='ocrx_word' id='word_1_137' title='bbox 507 2112 586 2194; x_wconf 83' lang='lat' dir='ltr'><em>Aug.</em></span> <span class='ocrx_word' id='word_1_138' title='bbox 611 2131 660 2193; x_wconf 91' lang='lat' dir='ltr'><em>ep.</em></span> <span class='ocrx_word' id='word_1_139' title='bbox 686 2113 734 2191; x_wconf 87' lang='grc'><em>19,</em></span> <span class='ocrx_word' id='word_1_140' title='bbox 758 2113 796 2174; x_wconf 87' lang='grc'><em>21</em></span> <span class='ocrx_word' id='word_1_141' title='bbox 821 2111 872 2191; x_wconf 79' lang='lat' dir='ltr'><em>sl,</em></span> <span class='ocrx_word' id='word_1_142' title='bbox 896 2113 1016 2179; x_wconf 83' lang='lat' dir='ltr'><em>Rustic.</em></span> <span class='ocrx_word' id='word_1_143' title='bbox 1033 2133 1058 2176; x_wconf 89' lang='lat' dir='ltr'><em>e.</em></span> <span class='ocrx_word' id='word_1_144' title='bbox 1077 2113 1194 2197; x_wconf 85' lang='lat' dir='ltr'><em>Aeeph.</em></span> <span class='ocrx_word' id='word_1_145' title='bbox 1210 2135 1242 2197; x_wconf 92' lang='lat' dir='ltr'><em>p.</em></span> <span class='ocrx_word' id='word_1_146' title='bbox 1261 2117 1344 2182; x_wconf 84' lang='lat'>1195</span> 
     </span>
    </p>
   </div>
   <div class='ocr_carea' id='block_1_4' title="bbox 275 2230 1345 2320">
    <p class='ocr_par' dir='ltr' id='par_1_4' title="bbox 275 2230 1345 2320">
     <span class='ocr_line' id='line_1_16' title="bbox 275 2230 1345 2320; baseline 0.003 -24"><span class='ocrx_word' id='word_1_147' title='bbox 275 2231 414 2319; x_wconf 82' lang='lat' dir='ltr'><em>Cpriilus</em></span> <span class='ocrx_word' id='word_1_148' title='bbox 442 2281 450 2296; x_wconf 97' lang='lat'><em>.</em></span> <span class='ocrx_word' id='word_1_149' title='bbox 475 2281 481 2296; x_wconf 94' lang='lat'><em>.</em></span> <span class='ocrx_word' id='word_1_150' title='bbox 513 2255 674 2318; x_wconf 81' lang='lat' dir='ltr'><em>nunquam</em></span> <span class='ocrx_word' id='word_1_151' title='bbox 702 2230 917 2317; x_wconf 88' lang='lat' dir='ltr'><em>dispensatiue</em></span> <span class='ocrx_word' id='word_1_152' title='bbox 947 2235 982 2296; x_wconf 92' lang='lat' dir='ltr'><em>in</em></span> <span class='ocrx_word' id='word_1_153' title='bbox 1009 2245 1129 2297; x_wconf 88' lang='lat' dir='ltr'><em>tantam</em></span> <span class='ocrx_word' id='word_1_154' title='bbox 1155 2237 1345 2320; x_wconf 85' lang='lat' dir='ltr'><em>impietatem</em></span> 
     </span>
    </p>
   </div>
   <div class='ocr_carea' id='block_1_5' title="bbox 268 2351 1346 3276">
    <p class='ocr_par' dir='ltr' id='par_1_5' title="bbox 268 2351 1346 3276">
     <span class='ocr_line' id='line_1_17' title="bbox 273 2351 1344 2438; baseline 0.001 -22"><span class='ocrx_word' id='word_1_155' title='bbox 273 2361 402 2432; x_wconf 85' lang='lat' dir='ltr'><em>eederet,</em></span> <span class='ocrx_word' id='word_1_156' title='bbox 420 2365 455 2416; x_wconf 93' lang='lat' dir='ltr'><em>ut</em></span> <span class='ocrx_word' id='word_1_157' title='bbox 470 2376 508 2416; x_wconf 83' lang='lat' dir='ltr'><em>ea·</em></span> <span class='ocrx_word' id='word_1_158' title='bbox 521 2351 692 2437; x_wconf 82' lang='lat' dir='ltr'><em>apostoliea</em></span> <span class='ocrx_word' id='word_1_159' title='bbox 710 2353 883 2417; x_wconf 76' lang='lat' dir='ltr'><em>testimonio</em></span> <span class='ocrx_word' id='word_1_160' title='bbox 901 2353 1040 2436; x_wconf 79' lang='lat' dir='ltr'><em>probare</em></span> <span class='ocrx_word' id='word_1_161' title='bbox 1052 2367 1195 2434; x_wconf 89' lang='lat' dir='ltr'><em>tentaret,</em></span> <span class='ocrx_word' id='word_1_162' title='bbox 1212 2362 1293 2438; x_wconf 86' lang='lat' dir='ltr'><em>quod</em></span> <span class='ocrx_word' id='word_1_163' title='bbox 1306 2403 1313 2418; x_wconf 91' lang='lat'><em>.</em></span> <span class='ocrx_word' id='word_1_164' title='bbox 1326 2404 1344 2437; x_wconf 86' lang='lat'><em>.‚</em></span> 
     </span>
     <span class='ocr_line' id='line_1_18' title="bbox 271 2469 1344 2556; baseline 0.006 -22"><span class='ocrx_word' id='word_1_165' title='bbox 271 2492 302 2554; x_wconf 92' lang='lat' dir='ltr'><em>p.</em></span> <span class='ocrx_word' id='word_1_166' title='bbox 321 2473 405 2536; x_wconf 87' lang='grc'>1214</span> <span class='ocrx_word' id='word_1_167' title='bbox 425 2469 637 2556; x_wconf 83' lang='lat' dir='ltr'><em>dispensatius</em></span> <span class='ocrx_word' id='word_1_168' title='bbox 657 2469 885 2555; x_wconf 82' lang='lat' dir='ltr'><em>complasmari</em></span> <span class='ocrx_word' id='word_1_169' title='bbox 898 2469 1014 2535; x_wconf 88' lang='lat' dir='ltr'><em>dieitur</em></span> <span class='ocrx_word' id='word_1_170' title='bbox 1030 2474 1120 2536; x_wconf 82' lang='lat' dir='ltr'><em>sarni</em></span> <span class='ocrx_word' id='word_1_171' title='bbox 1134 2472 1185 2553; x_wconf 76' lang='grc'>111,</span> <span class='ocrx_word' id='word_1_172' title='bbox 1201 2473 1227 2536; x_wconf 85' lang='lat' dir='ltr'><strong>F</strong></span> <span class='ocrx_word' id='word_1_173' title='bbox 1229 2475 1344 2540; x_wconf 80' lang='lat' dir='ltr'><em>acund.</em></span> 
     </span>
     <span class='ocr_line' id='line_1_19' title="bbox 273 2588 1345 2676; baseline 0.003 -23"><span class='ocrx_word' id='word_1_174' title='bbox 273 2589 391 2654; x_wconf 87' lang='lat' dir='ltr'><em>defens.</em></span> <span class='ocrx_word' id='word_1_175' title='bbox 415 2591 469 2668; x_wconf 89' lang='lat' dir='ltr'><em>IX,</em></span> <span class='ocrx_word' id='word_1_176' title='bbox 493 2591 512 2653; x_wconf 93' lang='lat'><strong>3</strong></span> <span class='ocrx_word' id='word_1_177' title='bbox 542 2613 603 2655; x_wconf 90' lang='lat' dir='ltr'><em>non</em></span> <span class='ocrx_word' id='word_1_178' title='bbox 630 2638 636 2654; x_wconf 90' lang='lat'><em>.</em></span> <span class='ocrx_word' id='word_1_179' title='bbox 662 2638 669 2654; x_wconf 92' lang='lat'><em>.</em></span> <span class='ocrx_word' id='word_1_180' title='bbox 703 2589 818 2654; x_wconf 90' lang='lat' dir='ltr'><em>Petrus</em></span> <span class='ocrx_word' id='word_1_181' title='bbox 849 2589 940 2664; x_wconf 82' lang='lat' dir='ltr'><em>deu-m</em></span> <span class='ocrx_word' id='word_1_182' title='bbox 968 2588 1142 2676; x_wconf 74' lang='lat' dir='ltr'><em>denepobat</em></span> <span class='ocrx_word' id='word_1_183' title='bbox 1174 2591 1345 2675; x_wconf 76' lang='lat' dir='ltr'><em>Christum,</em></span> 
     </span>
     <span class='ocr_line' id='line_1_20' title="bbox 272 2706 1346 2793; baseline 0.005 -24"><span class='ocrx_word' id='word_1_184' title='bbox 272 2731 342 2770; x_wconf 87' lang='lat' dir='ltr'><em>aum</em></span> <span class='ocrx_word' id='word_1_185' title='bbox 364 2706 494 2770; x_wconf 85' lang='lat' dir='ltr'><em>Iudaeis</em></span> <span class='ocrx_word' id='word_1_186' title='bbox 518 2708 643 2793; x_wconf 79' lang='lat' dir='ltr'><em>loqreens</em></span> <span class='ocrx_word' id='word_1_187' title='bbox 668 2709 716 2788; x_wconf 91' lang='lat' dir='ltr'><em>(A.</em></span> <span class='ocrx_word' id='word_1_188' title='bbox 734 2709 794 2791; x_wconf 91' lang='lat' dir='ltr'><em>Ap.</em></span> <span class='ocrx_word' id='word_1_189' title='bbox 812 2710 840 2787; x_wconf 90' lang='grc'><em>2,</em></span> <span class='ocrx_word' id='word_1_190' title='bbox 857 2709 912 2791; x_wconf 91' lang='grc'><em>22)</em></span> <span class='ocrx_word' id='word_1_191' title='bbox 936 2717 973 2772; x_wconf 92' lang='lat' dir='ltr'><em>de</em></span> <span class='ocrx_word' id='word_1_192' title='bbox 997 2709 1165 2776; x_wconf 86' lang='lat' dir='ltr'><em>diuinitate</em></span> <span class='ocrx_word' id='word_1_193' title='bbox 1190 2714 1255 2774; x_wconf 89' lang='lat' dir='ltr'><em>eius</em></span> <span class='ocrx_word' id='word_1_194' title='bbox 1279 2711 1346 2776; x_wconf 91' lang='lat' dir='ltr'><em>dis-</em></span> 
     </span>
     <span class='ocr_line' id='line_1_21' title="bbox 268 2826 1346 2916; baseline 0.006 -28"><span class='ocrx_word' id='word_1_195' title='bbox 268 2827 437 2911; x_wconf 83' lang='lat' dir='ltr'><em>pensatius</em></span> <span class='ocrx_word' id='word_1_196' title='bbox 462 2837 583 2905; x_wconf 83' lang='lat' dir='ltr'><em>taceret,</em></span> <span class='ocrx_word' id='word_1_197' title='bbox 607 2849 703 2910; x_wconf 82' lang='lat' dir='ltr'><em>quam</em></span> <span class='ocrx_word' id='word_1_198' title='bbox 718 2827 771 2889; x_wconf 86' lang='lat' dir='ltr'><em>uel</em></span> <span class='ocrx_word' id='word_1_199' title='bbox 786 2829 848 2891; x_wconf 86' lang='lat' dir='ltr'><em>leui</em></span> <span class='ocrx_word' id='word_1_200' title='bbox 869 2826 986 2892; x_wconf 89' lang='lat' dir='ltr'><em>auditu</em></span> <span class='ocrx_word' id='word_1_201' title='bbox 1008 2829 1057 2893; x_wconf 83' lang='lat' dir='ltr'><em>iili</em></span> <span class='ocrx_word' id='word_1_202' title='bbox 1076 2828 1166 2914; x_wconf 79' lang='lat' dir='ltr'><em>ferre</em></span> <span class='ocrx_word' id='word_1_203' title='bbox 1188 2854 1249 2895; x_wconf 90' lang='lat' dir='ltr'><em>non</em></span> <span class='ocrx_word' id='word_1_204' title='bbox 1268 2854 1346 2916; x_wconf 91' lang='lat' dir='ltr'><em>pos·</em></span> 
     </span>
     <span class='ocr_line' id='line_1_22' title="bbox 272 2943 1346 3036; baseline 0.005 -27"><span class='ocrx_word' id='word_1_205' title='bbox 272 2956 348 3025; x_wconf 87' lang='lat' dir='ltr'><em>sent,</em></span> <span class='ocrx_word' id='word_1_206' title='bbox 380 2943 473 3028; x_wconf 85' lang='lat' dir='ltr'><em>Greg.</em></span> <span class='ocrx_word' id='word_1_207' title='bbox 497 2944 538 3008; x_wconf 91' lang='lat' dir='ltr'><em>M.</em></span> <span class='ocrx_word' id='word_1_208' title='bbox 561 2945 594 3009; x_wconf 92' lang='lat' dir='ltr'><em>in</em></span> <span class='ocrx_word' id='word_1_209' title='bbox 616 2945 631 3008; x_wconf 94' lang='grc' dir='ltr'>Ι</span> <span class='ocrx_word' id='word_1_210' title='bbox 654 2946 730 3028; x_wconf 84' lang='lat' dir='ltr'><em>Reg.</em></span> <span class='ocrx_word' id='word_1_211' title='bbox 754 2948 791 3026; x_wconf 92' lang='lat' dir='ltr'><em>V,</em></span> <span class='ocrx_word' id='word_1_212' title='bbox 816 2949 843 3024; x_wconf 90' lang='grc'><em>2,</em></span> <span class='ocrx_word' id='word_1_213' title='bbox 867 2949 909 3012; x_wconf 87' lang='grc'><em>40</em></span> <span class='ocrx_word' id='word_1_214' title='bbox 938 2950 1013 3034; x_wconf 84' lang='lat' dir='ltr'><em>quia</em></span> <span class='ocrx_word' id='word_1_215' title='bbox 1036 2951 1071 3013; x_wconf 87' lang='lat' dir='ltr'><em>id</em></span> <span class='ocrx_word' id='word_1_216' title='bbox 1092 2952 1198 3035; x_wconf 84' lang='lat' dir='ltr'><em>ipsum</em></span> <span class='ocrx_word' id='word_1_217' title='bbox 1220 2953 1346 3036; x_wconf 87' lang='lat' dir='ltr'><em>dispen-</em></span> 
     </span>
     <span class='ocr_line' id='line_1_23' title="bbox 272 3061 1344 3154; baseline 0.007 -25"><span class='ocrx_word' id='word_1_218' title='bbox 272 3067 386 3144; x_wconf 89' lang='lat' dir='ltr'><em>satiue,</em></span> <span class='ocrx_word' id='word_1_219' title='bbox 410 3061 448 3128; x_wconf 85' lang='lat' dir='ltr'><em>id</em></span> <span class='ocrx_word' id='word_1_220' title='bbox 470 3079 516 3128; x_wconf 89' lang='lat' dir='ltr'><em>est</em></span> <span class='ocrx_word' id='word_1_221' title='bbox 535 3077 699 3150; x_wconf 88' lang='lat' dir='ltr'><em>propter</em></span> <span class='ocrx_word' id='word_1_222' title='bbox 723 3067 842 3146; x_wconf 86' lang='lat' dir='ltr'><em>aliud,</em></span> <span class='ocrx_word' id='word_1_223' title='bbox 860 3067 992 3154; x_wconf 78' lang='lat' dir='ltr'><em>furiunt</em></span> <span class='ocrx_word' id='word_1_224' title='bbox 1013 3069 1069 3152; x_wconf 85' lang='lat' dir='ltr'><em>al.;</em></span> <span class='ocrx_word' id='word_1_225' title='bbox 1095 3072 1169 3134; x_wconf 91' lang='lat' dir='ltr'><em>adi.</em></span> <span class='ocrx_word' id='word_1_226' title='bbox 1196 3071 1274 3152; x_wconf 83' lang='lat' dir='ltr'><em>Aug.</em></span> <span class='ocrx_word' id='word_1_227' title='bbox 1293 3092 1344 3153; x_wconf 87' lang='lat' dir='ltr'><em>ep.</em></span> 
     </span>
     <span class='ocr_line' id='line_1_24' title="bbox 273 3186 1346 3276; baseline 0.003 -27"><span class='ocrx_word' id='word_1_228' title='bbox 273 3187 325 3263; x_wconf 90' lang='grc'>82,</span> <span class='ocrx_word' id='word_1_229' title='bbox 343 3187 385 3249; x_wconf 89' lang='grc'><em>24</em></span> <span class='ocrx_word' id='word_1_230' title='bbox 407 3195 514 3248; x_wconf 86' lang='lat' dir='ltr'><em>utrum</em></span> <span class='ocrx_word' id='word_1_231' title='bbox 529 3207 638 3249; x_wconf 86' lang='lat' dir='ltr'><em>uerum</em></span> <span class='ocrx_word' id='word_1_232' title='bbox 661 3188 835 3270; x_wconf 78' lang='lat' dir='ltr'><em>scripserit,</em></span> <span class='ocrx_word' id='word_1_233' title='bbox 860 3211 899 3250; x_wconf 90' lang='lat' dir='ltr'><em>an</em></span> <span class='ocrx_word' id='word_1_234' title='bbox 916 3186 1007 3273; x_wconf 87' lang='lat' dir='ltr'><em>forte</em></span> <span class='ocrx_word' id='word_1_235' title='bbox 1022 3191 1125 3254; x_wconf 82' lang='lat' dir='ltr'><em>neseio</em></span> <span class='ocrx_word' id='word_1_236' title='bbox 1141 3213 1204 3276; x_wconf 82' lang='lat' dir='ltr'><em>quo</em></span> <span class='ocrx_word' id='word_1_237' title='bbox 1221 3189 1346 3275; x_wconf 90' lang='lat' dir='ltr'><em>dispen-</em></span> 
     </span>
    </p>
   </div>
   <div class='ocr_carea' id='block_1_6' title="bbox 272 3305 1345 3507">
    <p class='ocr_par' dir='ltr' id='par_1_6' title="bbox 272 3305 1345 3507">
     <span class='ocr_line' id='line_1_25' title="bbox 273 3305 1345 3392; baseline 0.007 -25"><span class='ocrx_word' id='word_1_238' title='bbox 273 3306 378 3368; x_wconf 89' lang='lat' dir='ltr'><em>satiua</em></span> <span class='ocrx_word' id='word_1_239' title='bbox 393 3305 548 3390; x_wconf 82' lang='lat' dir='ltr'><em>falsitate</em></span> <span class='ocrx_word' id='word_1_240' title='bbox 570 3306 715 3368; x_wconf 82' lang='lat' dir='ltr'><em>mentitus</em></span> <span class='ocrx_word' id='word_1_241' title='bbox 738 3305 858 3386; x_wconf 70' lang='lat' dir='ltr'><em>sit-al,</em></span> <span class='ocrx_word' id='word_1_242' title='bbox 888 3305 1030 3372; x_wconf 83' lang='lat' dir='ltr'><em>Cassiod.</em></span> <span class='ocrx_word' id='word_1_243' title='bbox 1054 3306 1129 3373; x_wconf 83' lang='lat' dir='ltr'><em>dial.</em></span> <span class='ocrx_word' id='word_1_244' title='bbox 1153 3314 1248 3392; x_wconf 80' lang='lat' dir='ltr'><em>atque</em></span> <span class='ocrx_word' id='word_1_245' title='bbox 1270 3308 1345 3374; x_wconf 85' lang='lat' dir='ltr'><em>inde</em></span> 
     </span>
     <span class='ocr_line' id='line_1_26' title="bbox 272 3421 809 3507; baseline -0.002 -21"><span class='ocrx_word' id='word_1_246' title='bbox 272 3421 346 3487; x_wconf 87' lang='lat' dir='ltr'><em>Ieid.</em></span> <span class='ocrx_word' id='word_1_247' title='bbox 371 3423 424 3488; x_wconf 87' lang='lat' dir='ltr'><em>Or.</em></span> <span class='ocrx_word' id='word_1_248' title='bbox 449 3424 488 3503; x_wconf 88' lang='lat' dir='ltr'><em>II,</em></span> <span class='ocrx_word' id='word_1_249' title='bbox 512 3425 553 3487; x_wconf 90' lang='grc'><em>24</em></span> <span class='ocrx_word' id='word_1_250' title='bbox 577 3421 690 3505; x_wconf 70' lang='lat' dir='ltr'><em>(habet</em></span> <span class='ocrx_word' id='word_1_251' title='bbox 712 3422 809 3507; x_wconf 45' lang='lat' dir='ltr'>DV);,</span> 
     </span>
    </p>
   </div>
   <div class='ocr_carea' id='block_1_7' title="bbox 201 3591 1346 4163">
    <p class='ocr_par' dir='ltr' id='par_1_7' title="bbox 201 3591 1346 4163">
     <span class='ocr_line' id='line_1_27' title="bbox 219 3591 1346 3684; baseline 0.01 -32"><span class='ocrx_word' id='word_1_252' title='bbox 219 3647 221 3652; x_wconf 91' lang='lat'><em>.</em></span> <span class='ocrx_word' id='word_1_253' title='bbox 352 3591 700 3678; x_wconf 90' lang='lat' dir='ltr'><em>dispensatorius:</em></span> <span class='ocrx_word' id='word_1_254' title='bbox 725 3593 812 3659; x_wconf 73' lang='lat' dir='ltr'><em>Hirr.</em></span> <span class='ocrx_word' id='word_1_255' title='bbox 835 3614 885 3677; x_wconf 90' lang='lat' dir='ltr'><em>ep.</em></span> <span class='ocrx_word' id='word_1_256' title='bbox 904 3598 975 3674; x_wconf 93' lang='grc'>112,</span> <span class='ocrx_word' id='word_1_257' title='bbox 997 3597 1017 3658; x_wconf 92' lang='grc'>4</span> <span class='ocrx_word' id='word_1_258' title='bbox 1040 3599 1159 3662; x_wconf 87' lang='lat' dir='ltr'><em>asseris</em></span> <span class='ocrx_word' id='word_1_259' title='bbox 1182 3599 1346 3684; x_wconf 76' lang='lat' dir='ltr'><em>reprehen-</em></span> 
     </span>
     <span class='ocr_line' id='line_1_28' title="bbox 273 3703 1346 3802; baseline 0.007 -26"><span class='ocrx_word' id='word_1_260' title='bbox 273 3703 392 3776; x_wconf 89' lang='lat' dir='ltr'><em>sionem</em></span> <span class='ocrx_word' id='word_1_261' title='bbox 414 3714 619 3798; x_wconf 84' lang='lat' dir='ltr'><em>apostolieam</em></span> <span class='ocrx_word' id='word_1_262' title='bbox 641 3739 702 3778; x_wconf 92' lang='lat' dir='ltr'><em>non</em></span> <span class='ocrx_word' id='word_1_263' title='bbox 718 3716 827 3801; x_wconf 86' lang='lat' dir='ltr'><em>fuisse</em></span> <span class='ocrx_word' id='word_1_264' title='bbox 854 3715 1130 3802; x_wconf 89' lang='lat' dir='ltr'><em>dispensatoriam,</em></span> <span class='ocrx_word' id='word_1_265' title='bbox 1158 3718 1216 3781; x_wconf 86' lang='lat' dir='ltr'><em>sed</em></span> <span class='ocrx_word' id='word_1_266' title='bbox 1236 3741 1346 3783; x_wconf 88' lang='lat' dir='ltr'><em>ueram</em></span> 
     </span>
     <span class='ocr_line' id='line_1_29' title="bbox 276 3830 1345 3924; baseline 0.007 -30"><span class='ocrx_word' id='word_1_267' title='bbox 276 3830 326 3910; x_wconf 73' lang='lat' dir='ltr'><em>al,</em></span> <span class='ocrx_word' id='word_1_268' title='bbox 353 3831 483 3916; x_wconf 74' lang='lat' dir='ltr'><em>[Rufin]</em></span> <span class='ocrx_word' id='word_1_269' title='bbox 507 3833 538 3896; x_wconf 92' lang='lat' dir='ltr'><em>in</em></span> <span class='ocrx_word' id='word_1_270' title='bbox 562 3835 664 3897; x_wconf 88' lang='lat' dir='ltr'><em>Am.I</em></span> <span class='ocrx_word' id='word_1_271' title='bbox 686 3833 729 3899; x_wconf 86' lang='lat' dir='ltr'><em>sd</em></span> <span class='ocrx_word' id='word_1_272' title='bbox 754 3840 782 3914; x_wconf 95' lang='grc'><em>1,</em></span> <span class='ocrx_word' id='word_1_273' title='bbox 804 3837 917 3918; x_wconf 87' lang='lat' dir='ltr'><em>3eqq.,</em></span> <span class='ocrx_word' id='word_1_274' title='bbox 942 3836 1019 3918; x_wconf 85' lang='lat' dir='ltr'><em>Aug.</em></span> <span class='ocrx_word' id='word_1_275' title='bbox 1044 3857 1092 3919; x_wconf 88' lang='lat' dir='ltr'><em>ep.</em></span> <span class='ocrx_word' id='word_1_276' title='bbox 1113 3838 1164 3916; x_wconf 86' lang='grc'>82,</span> <span class='ocrx_word' id='word_1_277' title='bbox 1188 3840 1207 3901; x_wconf 95' lang='grc'>4</span> <span class='ocrx_word' id='word_1_278' title='bbox 1231 3839 1345 3924; x_wconf 78' lang='lat' dir='ltr'><em>quitus</em></span> 
     </span>
     <span class='ocr_line' id='line_1_30' title="bbox 201 3950 1344 4038; baseline 0.009 -27"><span class='ocrx_word' id='word_1_279' title='bbox 201 4019 204 4024; x_wconf 15' lang='grc' dir='ltr'><strong>Δ</strong></span> <span class='ocrx_word' id='word_1_280' title='bbox 276 3971 344 4012; x_wconf 88' lang='lat' dir='ltr'><em>oum</em></span> <span class='ocrx_word' id='word_1_281' title='bbox 354 3951 579 4034; x_wconf 86' lang='lat' dir='ltr'><em>praemisisset</em></span> <span class='ocrx_word' id='word_1_282' title='bbox 596 3950 687 4038; x_wconf 76' lang='lat' dir='ltr'><em>‘quae</em></span> <span class='ocrx_word' id='word_1_283' title='bbox 703 3967 806 4016; x_wconf 89' lang='lat' dir='ltr'><em>autem</em></span> <span class='ocrx_word' id='word_1_284' title='bbox 821 3954 923 4018; x_wconf 75' lang='lat' dir='ltr'><em>scribo</em></span> <span class='ocrx_word' id='word_1_285' title='bbox 939 3955 1038 4034; x_wconf 86' lang='lat' dir='ltr'><em>uobis,</em></span> <span class='ocrx_word' id='word_1_286' title='bbox 1063 3979 1127 4019; x_wconf 85' lang='lat' dir='ltr'><em>eece</em></span> <span class='ocrx_word' id='word_1_287' title='bbox 1144 3980 1249 4022; x_wconf 85' lang='lat' dir='ltr'><em>soram</em></span> <span class='ocrx_word' id='word_1_288' title='bbox 1263 3957 1344 4037; x_wconf 89' lang='lat' dir='ltr'><em>Deo,</em></span> 
     </span>
     <span class='ocr_line' id='line_1_31' title="bbox 274 4071 1345 4163; baseline 0.007 -31"><span class='ocrx_word' id='word_1_289' title='bbox 274 4071 351 4154; x_wconf 83' lang='lat' dir='ltr'><em>quia</em></span> <span class='ocrx_word' id='word_1_290' title='bbox 373 4091 435 4132; x_wconf 93' lang='lat' dir='ltr'><em>non</em></span> <span class='ocrx_word' id='word_1_291' title='bbox 457 4071 603 4136; x_wconf 82' lang='lat' dir='ltr'><em>mentior&#39;</em></span> <span class='ocrx_word' id='word_1_292' title='bbox 629 4071 713 4156; x_wconf 82' lang='lat' dir='ltr'><em>(Gal.</em></span> <span class='ocrx_word' id='word_1_293' title='bbox 740 4077 766 4152; x_wconf 96' lang='grc'><em>1,</em></span> <span class='ocrx_word' id='word_1_294' title='bbox 790 4073 855 4155; x_wconf 91' lang='grc'>20),</span> <span class='ocrx_word' id='word_1_295' title='bbox 878 4096 938 4136; x_wconf 90' lang='lat' dir='ltr'><em>non</em></span> <span class='ocrx_word' id='word_1_296' title='bbox 963 4087 1066 4138; x_wconf 90' lang='lat' dir='ltr'><em>tamen</em></span> <span class='ocrx_word' id='word_1_297' title='bbox 1088 4077 1245 4141; x_wconf 86' lang='lat' dir='ltr'><em>ueraciter</em></span> <span class='ocrx_word' id='word_1_298' title='bbox 1267 4078 1345 4163; x_wconf 86' lang='lat' dir='ltr'><em>sori·</em></span> 
     </span>
    </p>
   </div>
   <div class='ocr_carea' id='block_1_8' title="bbox 276 4189 1344 4280">
    <p class='ocr_par' dir='ltr' id='par_1_8' title="bbox 276 4189 1344 4280">
     <span class='ocr_line' id='line_1_32' title="bbox 276 4189 1344 4280; baseline 0.005 -28"><span class='ocrx_word' id='word_1_299' title='bbox 276 4190 381 4275; x_wconf 76' lang='lat' dir='ltr'><em>debat,</em></span> <span class='ocrx_word' id='word_1_300' title='bbox 411 4189 468 4252; x_wconf 89' lang='lat' dir='ltr'><em>sed</em></span> <span class='ocrx_word' id='word_1_301' title='bbox 488 4192 591 4254; x_wconf 86' lang='lat' dir='ltr'><em>neseio</em></span> <span class='ocrx_word' id='word_1_302' title='bbox 620 4215 684 4276; x_wconf 81' lang='lat' dir='ltr'><em>qua</em></span> <span class='ocrx_word' id='word_1_303' title='bbox 708 4192 946 4278; x_wconf 89' lang='lat' dir='ltr'><em>dispensatoria</em></span> <span class='ocrx_word' id='word_1_304' title='bbox 975 4194 1173 4258; x_wconf 86' lang='lat' dir='ltr'><em>simulatione</em></span> <span class='ocrx_word' id='word_1_305' title='bbox 1198 4195 1344 4280; x_wconf 79' lang='lat' dir='ltr'><em>fallebat,</em></span> 
     </span>
    </p>
   </div>
   <div class='ocr_carea' id='block_1_9' title="bbox 0 0 1504 4942">
    <p class='ocr_par' dir='ltr' id='par_1_9' title="bbox 0 0 1504 4942">
     <span class='ocr_line' id='line_1_33' title="bbox 0 0 1504 4942; baseline 0 0"><span class='ocrx_word' id='word_1_306' title='bbox 0 0 1504 4942; x_wconf 95' lang='lat' dir='ltr'><em> </em></span> 
     </span>
    </p>
   </div>
  </div>
 </body>
</html>
