2970 4936
493 421 854 485 1-420-

284 607 571 698 intemperate:
595 607 658 674 Cio.
682 608 779 683 uniu,
801 607 851 671 Ps.
869 607 955 672 Hier.
972 606 1081 672 soient.
1099 606 1167 672 diu.
1182 607 1249 691 leg.
1267 609 1288 673 8

207 730 409 813 intemperate
433 728 519 792 aibas
542 741 694 815 sumptus.

287 917 632 1002 intemporaliter:
655 937 684 1000 q.
707 916 932 998 intempestiue
951 915 1036 980 Goel.
1054 916 1129 980 Aur.
1156 917 1209 1000 (ut
1235 938 1285 981 ac.

208 1036 249 1114 ΙΙ,
274 1038 303 1116 9,
328 1037 368 1100 50
398 1037 645 1120 intemporaliter
675 1044 775 1099 utitur
800 1035 1087 1121 cataplasmatibus,
1111 1035 1198 1101 tard.
1227 1037 1283 1117 iv,

208 1157 238 1233 3,
262 1158 302 1220 79
328 1157 384 1238 ai.)
408 1161 440 1221 et
462 1157 509 1220 ile
536 1155 608 1220 edi.
631 1155 675 1219 id.
699 1160 731 1220 et
753 1157 832 1239 Aug.
855 1156 887 1220 in
911 1177 957 1238 ps.
980 1158 1031 1232 39,
1057 1155 1106 1232 13,
1128 1155 1163 1219 it.
1190 1157 1283 1222 Coei.

208 1276 283 1340 Aur.
315 1279 348 1340 si
378 1275 664 1359 intemerabilis),
694 1279 734 1339 al.
764 1276 824 1340 inc.
852 1277 929 1340 unit.
954 1274 1064 1338 Trinit.
1087 1295 1118 1356 p.
1146 1276 1236 1340 1210
1260 1283 1285 1342 t.

207 1394 263 1458 XL
287 1394 328 1458 M.
364 1418 432 1458 eam
461 1406 666 1481 peroraretar
699 1396 739 1458 ab
775 1395 977 1480 intemporali
1013 1395 1284 1481 intemporaliter,

208 1514 298 1598 Fulg.
322 1516 429 1598 Rusp.‚
459 1511 565 1598 Pelag.
592 1533 666 1598 pap.
691 1515 743 1596 (qs
766 1513 817 1578 cit.
843 1513 924 1596 DV),
956 1519 988 1578 et
1009 1515 1056 1579 ite
1079 1514 1157 1578 edi.
1181 1516 1285 1599 App.²

208 1633 321 1715 Hilur.‚
344 1632 462 1717 aliique
482 1633 568 1711 eceb,
592 1632 845 1716 intemporalites
862 1634 938 1698 Aru.
955 1633 1017 1699 iun.
1043 1633 1083 1699 de
1106 1633 1166 1699 deo
1191 1637 1284 1702 trino

209 1753 249 1833 ΙΙ,
274 1755 311 1818 21
342 1752 414 1837 (loo.
437 1774 463 1817 r.
488 1751 570 1835 Gg.).

288 1939 542 2006 'intenderet
565 1939 654 2004 trnsl.
672 1939 791 2024 aliquid
809 1965 886 2027 pro
911 1937 1076 2026 (animum)
1099 1943 1132 2006 in
1155 1943 1284 2028 aliquid

209 2060 307 2146 (unde
330 2066 377 2126 esi
400 2060 556 2143 entendre)
582 2061 687 2126 Ambr.
713 2063 752 2147 (si
776 2082 904 2146 semper
919 2063 1080 2129 Christum
1102 2064 1281 2148 intendat),

210 2181 296 2246 Hier.
312 2181 345 2245 iu
360 2179 434 2244 Luc.
451 2180 536 2247 hom.
554 2181 573 2246 8
593 2175 745 2265 (norperti
766 2183 797 2244 in
813 2183 1020 2248 bumilitatem
1037 2183 1171 2248 ancillae
1187 2186 1280 2250 suae'

211 2301 299 2384 (Luc.
325 2305 352 2379 1,
375 2302 430 2383 48)
454 2349 461 2364 .
486 2349 493 2363 .
517 2301 669 2392 quomodo
692 2302 834 2367 intendat
859 2303 1084 2383 bumilitatem,
1113 2328 1176 2367 reon
1200 2310 1283 2371 satis

209 2421 312 2507 liquet,
335 2419 366 2483 h.
387 2421 423 2484 19
450 2421 479 2482 si
501 2421 660 2497 dilipenter
682 2445 804 2485 sensum
828 2422 1018 2488 intendimus
1042 2422 1282 2509 Sarmatarum,

212 2538 304 2621 Vulg.
323 2542 361 2603 »4
377 2538 469 2602 usar.
486 2540 515 2616 8,
534 2541 609 2604 27«;
633 2517 691 2604 nee
712 2540 859 2605 intendes
879 2542 979 2625 impia
1000 2543 1139 2624 gentium
1157 2547 1282 2624 studia,

211 2659 315 2724 Rufin.
338 2659 436 2742 princ.
463 2658 487 2738 Ι,
511 2662 537 2736 l,
555 2660 573 2724 5
590 2678 613 2722 Β.
631 2658 651 2721 Ι.
675 2667 763 2722 aulas
786 2659 872 2743 (Dei)
894 2674 1012 2725 natura
1036 2663 1099 2724 arie
1121 2661 1286 2730 hnmanae

210 2781 322 2844 mentio
344 2779 466 2843 intendi
488 2827 495 2842 .
519 2828 526 2843 .
551 2801 610 2842 non
631 2792 740 2865 potest,
765 2780 845 2846 Vim.
872 2781 934 2846 vit.
957 2802 1040 2864 pers.
1065 2781 1170 2846 Vand.
1195 2782 1237 2862 V,
1265 2789 1284 2848 7

211 2898 288 2963 alios
311 2899 380 2962 sine
402 2898 559 2977 manibus,
583 2905 657 2962 alios
679 2900 746 2962 eine
769 2902 864 2964 oculis
887 2948 894 2965 .
920 2949 927 2964 .
951 2901 1106 2964 intentos.

288 3087 593 3169 intenebrare:
627 3103 721 3189 arog.
744 3106 776 3168 in
799 3104 815 3169 1
838 3106 911 3188 seg.
936 3106 959 3182 1,
986 3110 1012 3183 ι,
1037 3107 1087 3170 25.

288 3293 566 3374 002110010Ιᾶ1οΞ
601 3310 630 3374 S.
647 3310 677 3373 S.
694 3315 756 3374 uel.
773 3331 808 3387 s..
837 3311 932 3393 intpr.
952 3309 1037 3392 Orig.
1053 3310 1084 3373 in
1101 3308 1220 3376 Manu
1241 3319 1285 3380 70

210 3429 244 3491 in
267 3429 428 3494 erroribus
452 3431 678 3494 intenebricati.
709 3430 757 3494 rS.
781 3430 811 3492 S.
835 3450 918 3495 uers
941 3435 1004 3495 uet.
1028 3430 1100 3495 Luc.
1126 3432 1177 3510 23,
1203 3436 1290 3510 45«.

160 3655 210 3693 ono
287 3615 501 3698 intenibilis:
531 3634 609 3717 Aug.
626 3654 651 3697 o.
668 3634 833 3699 Fortunat.
855 3639 881 3712 1,
905 3636 923 3699 3
947 3634 1031 3721 qnod
1052 3640 1283 3722 incorreptibi-

209 3759 246 3815 lis
270 3754 311 3816 sit
332 3753 438 3832 Deae,
471 3805 477 3820 .
503 3801 509 3816 .
540 3752 625 3837 qaod
645 3751 819 3832 inadibilis,
842 3754 1028 3832 intenibilis,
1052 3756 1282 3839 impassibilis.

211 3873 284 3938 Alie
306 3873 339 3937 iu
360 3873 449 3938 -bilis
466 3873 698 3958 Augustiuiaue
720 3880 793 3939 suut
815 3877 871 3940 int.
889 3881 963 3942 cett.
983 3873 1166 3939 amissibilis
1190 3877 1280 3960 (sup.

214 3996 298 4076 176),
322 3992 511 4076 copulabilis
534 3995 616 4078 (sup.
639 3996 743 4078 1084),
766 3994 1039 4077 imperturbabilis
1062 3996 1145 4076 (sup.
1164 3996 1280 4082 2423),

211 4112 463 4179 incanuersibilis
490 4120 584 4196 gesbi.
608 4114 713 4196 Pelag.
738 4117 767 4192 6,
791 4116 832 4178 20
855 4115 911 4194 ei,
942 4113 1166 4193 ineuulsibilis‚
1196 4115 1281 4182 irre·

211 4231 395 4322 gressibilis,
419 4232 670 4320 irretractabilis,
701 4233 866 4300 irrisibilis.
