2970 4942
687 410 897 474 -90..

261 643 268 659 .
294 648 299 657 .
326 596 539 681 coimapinati,
566 597 613 659 ait
635 595 767 678 (Paulus
782 595 872 660 Rom.
889 597 919 676 8,
936 597 1000 680 29),
1023 594 1107 660 Filio
1122 595 1192 659 Dei
1208 592 1329 679 (Vulg.:

260 713 437 780 conformes
458 715 607 797 imaginis
630 713 702 779 Filii
724 714 805 798 Sui).

336 865 591 968 coinoliciins:
620 885 704 949 Teii.
732 905 783 949 an.
810 887 847 948 17
875 885 969 950 Pion
993 887 1025 948 a
1054 886 1179 949 Timaeo
1202 887 1331 951 triuia-

259 1003 361 1086 nalem
382 1005 593 1090 pronuntians
616 1004 850 1070 sensualitatem
873 1017 902 1071 et
932 1007 1073 1091 opinioni
1096 1005 1329 1091 coimplicitam.

337 1173 549 1259 coininnui
577 1193 674 1276 napi.
699 1192 783 1276 Orig.
807 1193 839 1256 in
862 1192 989 1259 notin:
1014 1195 1041 1257 A
1063 1215 1092 1278 p.
1110 1195 1160 1261 ri.

222 1386 260 1424 nr
338 1361 612 1445 coinnascibilis
638 1380 753 1446 Hiran:
777 1402 794 1446 o
816 1402 847 1465 p.
865 1383 893 1444 r.

339 1548 633 1652 coinquinabilis:
661 1568 739 1651 Aug.
759 1567 877 1634 eontra
892 1567 1058 1635 Fortunat.
1083 1572 1110 1650 1,
1137 1574 1150 1635 1
1177 1594 1329 1637 sommum

261 1710 396 1752 errorem
424 1698 517 1773 puto,
547 1687 653 1750 Deum
682 1735 690 1750 .
714 1737 721 1751 .
752 1711 790 1752 ea·
813 1688 920 1773 aliqua
943 1702 1040 1773 parte
1068 1691 1246 1754 uiolabilem
1275 1702 1331 1755 aut
1453 1742 1460 1748 .

261 1807 519 1891 coinquinabilem
542 1820 598 1870 aut
619 1806 854 1892 corruptibilem
878 1809 1012 1889 credere,
1035 1809 1077 1874 ib.
1094 1809 1160 1886 inf,
1175 1831 1201 1875 c.
1219 1809 1327 1875 Fausi.

260 1926 328 2007 XX,
353 1929 372 1991 9
395 1927 447 2006 al,
480 1926 635 2010 »Prosper
657 1946 696 1992 ox
717 1925 855 1992 Manich.
878 1927 986 1993 anath.
1010 1931 1061 1992 2«.

339 2099 626 2185 coinquinatio:
651 2096 752 2181 Vulg,
776 2097 863 2181 Sulp.
880 2098 961 2179 Seu,
985 2098 1088 2165 Rufio.
1110 2099 1195 2186 Orig.
1218 2100 1251 2164 in
1272 2100 1331 2166 Lo·

260 2218 315 2284 uii.
339 2217 370 2282 h.
395 2220 424 2298 5,
449 2221 477 2298 9,
502 2219 581 2298 Aug.
605 2216 687 2280 Acta
710 2236 781 2280 oum
803 2215 908 2282 Felice
930 2215 1067 2282 Manich.
1090 2218 1130 2298 ll,
1156 2221 1205 2298 16,
1236 2239 1329 2285 onon.

259 2340 292 2403 in
314 2338 371 2403 Iob
394 2338 409 2401 Ι
431 2359 463 2421 p.
487 2339 528 2401 22
556 2360 617 2400 non
647 2351 757 2402 enoria
785 2351 830 2400 est
852 2339 885 2401 in
908 2339 951 2402 iis
970 2339 1212 2423 praeuaricatio
1235 2362 1330 2424 neque

261 2459 487 2544 coinquinatio,
521 2457 625 2540 Ignai.
656 2477 714 2539 cp.¹
736 2454 778 2519 ad
808 2455 932 2519 Philad.
956 2476 1038 2521 nors.
1062 2461 1124 2522 uei.
1149 2461 1168 2523 6
1191 2456 1247 2534 cl,
1280 2457 1329 2522 Ps.

260 2575 347 2640 Hiar.
362 2575 434 2640 laus
451 2575 588 2658 uirginil.
606 2577 624 2638 7
649 2597 728 2659 quae
749 2574 802 2637 uel
823 2576 919 2638 unius
943 2574 1103 2659 (membri)
1120 2577 1227 2662 fuerit
1249 2579 1330 2642 ocin-

261 2695 441 2779 quinatione
459 2695 596 2780 polluta.

338 2862 604 2966 coinicllloctc:
632 2881 770 2948 Facund.
788 2881 905 2948 defens.
921 2882 975 2963 lX,
992 2885 1011 2948 5
1034 2883 1122 2948 bomo
1145 2893 1328 2968 assumptus

262 3004 296 3085 (a
318 3001 386 3068 Deo
410 3000 530 3084 Verbo)
559 3025 598 3066 cu
620 3005 739 3067 unitate
758 3025 912 3089 personae
934 3005 1002 3068 eius
1026 3005 1153 3089 accepit,
1177 3014 1211 3065 ut
1233 3049 1241 3064 .
1265 3048 1272 3065 .
1297 3001 1329 3063 in

261 3123 356 3185 unius
381 3121 458 3186 Filii
481 3121 691 3207 appellatione
714 3123 987 3209 cointelligeretur,
1009 3122 1053 3187 ib.
1076 3121 1131 3187 inf.

338 3290 602 3393 coinoiiznion:
633 3310 711 3394 Aug.
735 3332 762 3376 ο.
787 3309 900 3376 lulian.
924 3299 988 3391 1v,‘
1002 3311 1032 3390 3,
1055 3311 1106 3375 ns.

223 3517 260 3556 nso
339 3478 567 3563 tolaiotiiiin:
594 3502 659 3563 uot.
681 3519 762 3565 nors.
786 3497 959 3583 Epiphcnii
982 3497 1021 3563 do
1045 3497 1200 3562 mensuris
1223 3496 1263 3560 23
1293 3494 1330 3558 de

261 3617 462 3697 rnasmarotl,
486 3641 565 3704 quae
582 3618 735 3683 colatoria
752 3621 815 3705 (γρ.
834 3618 1042 3700 ueculaioria)
1060 3615 1212 3696 dianus,-
1235 3615 1330 3677 inter·

262 3734 337 3800 dum
358 3759 433 3801 uero
456 3747 485 3798 et
507 3736 620 3802 itlmoe
650 3736 755 3801 eodem
781 3740 904 3803 nomine
932 3737 1124 3813 actitantur,
1154 3731 1238 3819 quod
1258 3753 1330 3794 eun-

263 3854 331 3918 dem
354 3855 526 3939 compleant
548 3878 640 3918 usum
663 3854 807 3939 (Epiph.:
832 3855 868 3918 τὰ
892 3854 927 3917 δὲ
947 3851 1133 3938 pacpapclnl
1155 3851 1236 3932 lipsi
1257 3849 1330 3923 τοὺς

262 3973 474 4061 ὃιυλιστῆρας,
503 3973 557 4047 οὓς
579 3975 629 4038 καὶ
650 3972 773 4062 bipalio
793 3973 945 4056 καλοῦμεν
967 3970 1059 4052 κτλ.),
1084 3969 1213 4052 Dionys.
1238 3967 1328 4052 Exig.

262 4099 360 4159 orosi.
376 4092 496 4159 homil
522 4093 590 4178 (ubi
606 4094 644 4158 31
668 4091 897 4159 excolatorium
911 4089 1073 4171 habetur),
1096 4089 1135 4172 gl.
1153 4086 1226 4152 Vni.
1250 4089 1330 4154 cola-

265 4215 357 4293 toria,
382 4216 561 4300 liquatoria.
