2964 4942
711 437 750 450 --
795 401 857 472 288
903 437 941 448 -

369 588 620 689 lleqltlosllas:
648 603 742 669 Thes.
766 625 837 671 nou.
861 605 917 671 lat.
941 627 973 690 p.
998 607 1070 672 233.

372 773 668 841 flammescere:
693 774 794 856 Lucr,
811 775 921 890 Ambr.
934 775 1040 859 hymn.
1054 779 1104 856 21,
1122 779 1150 856 7,
1168 777 1216 842 Ps.
1233 778 1381 844 Eucher.

298 894 333 979 (l.
354 916 381 958 r.
405 892 488 977 Gg.).

370 1062 645 1164 flammipotens:
673 1079 824 1146 Dracont.
842 1101 938 1147 carm.
954 1086 996 1150 Vl
1017 1082 1149 1169 (Duhn),
1167 1087 1186 1149 5
1204 1084 1378 1169 (Cupido),

269 1199 337 1265 'id.
361 1221 458 1266 carm.
484 1197 523 1265 de
546 1200 614 1265 Deo
645 1203 684 1283 (r.
707 1200 779 1283 (ig.)
803 1202 958 1268 Scaeuola
986 1203 1117 1286 (Arnob.
1141 1204 1199 1284 ΙΙΙ,
1224 1207 1264 1269 21
1299 1207 1377 1272 cod.

293 1324 326 1385 et
360 1320 523 1386 nouissimi
558 1318 697 1385 editores
729 1319 867 1386 flammis
900 1324 1038 1408 potens).
1081 1323 1128 1388 Cf.
1160 1329 1240 1388 uett.
1268 1332 1376 1408 poett.

295 1441 491 1524 armipotens
515 1441 625 1524 (etiam
647 1438 742 1504 Drac.
767 1439 876 1505 Satist.
900 1443 962 1506 200
984 1447 1017 1507 et
1039 1443 1132 1524 299),
1165 1442 1375 1536 bellipotens,

292 1559 483 1647 ignipotens,
498 1559 717 1642 pennipotens,
734 1559 967 1642 sagittipotens,
983 1561 1244 1644 sapientipotens‚
1263 1561 1375 1628 Plaut.

295 1678 500 1762 coelipotens,
523 1678 739 1763 multipotens,
762 1679 963 1762 salsipotens,
980 1681 1155 1764 uiripotens
1173 1680 1374 1763 (uiripotens

293 1796 390 1878 big),
414 1833 453 1842 —
477 1816 558 1861 rece.
575 1796 811 1881 christipotens,
829 1799 1020 1880 ensipotens,
1035 1797 1252 1881 herbipotens,
1271 1800 1376 1867 lauri-

293 1921 416 2000 potens,
439 1915 687 1999 membripotens
710 1917 831 2000 (3381),
854 1917 1092 2002 plectripotens,
1123 1919 1207 1983 adde
1230 1921 1377 2004 astripo-
1420 2001 1425 2011 Ι
1469 1901 1473 1912 ”

292 2041 365 2100 tens
387 2033 478 2100 Tbes.
503 2057 575 2101 nou.
598 2035 654 2101 lat.
679 2057 709 2120 p.
734 2040 774 2101 22
798 2040 845 2122 (et
867 2039 905 2103 of.
930 2060 999 2121 sup.
1023 2040 1109 2122 378).
1145 2039 1239 2104 Haud
1264 2061 1377 2124 panca

293 2159 462 2238 praeterea
496 2156 675 2239 composita
703 2177 774 2221 cum
807 2156 985 2240 participiis
1020 2178 1125 2240 praes.
1155 2158 1239 2242 (aliis
1270 2181 1376 2242 quam

293 2275 435 2356 potens)
466 2274 628 2339 adiectiua
654 2274 718 2339 iam
747 2275 941 2358 antiquiores
963 2275 1217 2358 affigurauerunt
1240 2282 1375 2359 poetae,

292 2392 391 2458 ueluti
413 2394 533 2459 Ennius
563 2394 644 2459 dixit
672 2395 823 2478 (primus,
852 2395 894 2460 ad
922 2415 979 2459 nos
1008 2395 1151 2479 quidem)
1181 2395 1375 2478 altitonans,

293 2512 483 2594 altiuolans,
512 2514 719 2597 signitenens,
747 2513 911 2596 idemque,
940 2518 975 2577 ut
1004 2513 1146 2593 uidetur,
1177 2514 1374 2596 ueliuolans,

293 2631 432 2696 Naeuius
460 2633 652 2713 arcitenens,
684 2634 789 2698 Attius
812 2632 1059 2716 magnisonans,
1090 2671 1131 2681 —
1164 2632 1248 2698 adde
1271 2633 1374 2701 Lucr.

293 2750 474 2826 aedituens,
504 2752 708 2834 frugiferam,
738 2753 910 2817 omniciens
938 2752 1003 2831 (uel
1026 2753 1233 2834 omnituens),
1266 2755 1374 2818 omni·

292 2890 421 2952 parens,
456 2869 571 2935 Oatull.
607 2869 805 2950 suaueolens,
838 2869 954 2936 Labor.
988 2869 1240 2956 blandiloquens,
1270 2869 1371 2937 Varr.

292 2987 513 3060 stellimicans,
548 2987 611 3052 Cic.
645 2987 852 3070 anguitenens
886 2992 918 3052 et
952 2988 998 3071 (in
1033 2992 1097 3073 ep.)
1131 2988 1370 3072 breuiloquens.

293 3107 385 3173 Reco.
409 3111 483 3173 sunt
505 3107 597 3172 talia:
621 3106 843 3189 cunctiparens
865 3107 1028 3188 Prudent,
1054 3107 1256 3191 frugiparcns
1277 3107 1370 3190 Vem,

293 3227 503 3310 gaudiuigens
524 3227 631 3305 inscr,
655 3226 849 3310 ignicomam
871 3231 903 3291 et
925 3227 1105 3310 luciparens
1122 3227 1243 3307 Anien,
1268 3228 1372 3293 melli-

296 3345 410 3430 pluens
433 3347 520 3426 Aua,
544 3344 764 3410 munditenens
789 3345 872 3410 Tert.
887 3349 942 3434 ¹(et
964 3347 995 3412 S.
1013 3348 1043 3411 S.
1061 3346 1142 3431 pr.
1160 3366 1211 3429 ap.
1235 3347 1369 3432 ipsum),

293 3465 491 3530 omnitenens
512 3464 606 3542 Tert.,
632 3465 848 3530 omnimedens
871 3465 903 3558 Ρ.
924 3465 1007 3545 ΝοΙ.,
1031 3464 1242 3549 omnipollcus
1257 3465 1368 3547 Prud.,

293 3583 512 3666 aequidistans
536 3582 642 3648 Grom.
659 3589 699 3647 et
720 3583 761 3647 M.
786 3583 863 3666 Cap.
884 3584 1021 3650 Nomina
1043 3583 1254 3664 substantiu'a,
1277 3585 1370 3651 incli-

292 3706 370 3766 nata
390 3722 411 3765 a
433 3698 566 3781 talibus,
588 3703 656 3767 siue
680 3703 894 3780 exstantibuS,
918 3703 985 3768 siue
1008 3723 1070 3766 non
1094 3704 1367 3787 comparentibus,

294 3821 374 3887 baec
385 3821 589 3907 collegeram:
604 3822 1239 3909 blandiloquentiaEnn.,stultiloquentia
1248 3823 1367 3905 Plaut,
1445 3909 1453 3920 „

201 3959 203 3963 ·
295 3941 587 4026 superbiloquentia
609 3964 640 4025 p.
657 3947 739 4025 trag.
756 3943 827 4022 inc,
851 3942 1109 4028 tolutiloquentia
1128 3942 1218 4022 Nou,
1242 3945 1370 4011 uanilo-

294 4061 426 4144 quentia
438 4061 550 4141 plaut,
558 4061 777 4142 beneficentia,
785 4061 1009 4126 beneuolentia
1021 4061 1224 4146 (beneuolens
1235 4061 1370 4149 Plana),

294 4181 558 4263 breuiloquentia,
574 4181 820 4263 magnificentia,
840 4181 1121 4264 magniloquentia,
1138 4180 1371 4251 maleuolentia
