3000 4942
591 396 737 458 -201
788 432 822 440 -

107 653 109 656 ,
174 579 263 643 nobis
286 581 464 666 iniquitatis
487 591 547 658 est,
576 579 656 643 lianc
678 579 858 642 adhibentes
880 589 908 640 et
930 564 1171 663 superducentes
1195 577 1242 641 di-

172 700 336 762 rectoriam
359 704 583 762 mandatorum
604 697 678 777 Dei,
703 697 904 762 directorium
933 717 957 762 e.
982 696 1058 761 (lod.
1083 696 1205 762 Theod.

251 885 473 967 diremptio:
490 883 560 948 val.
573 883 669 962 Max„
687 885 765 965 Aug.
778 882 833 947 lib.
847 882 914 948 erb.
928 883 984 958 ΠΙ,
999 884 1040 946 70
1060 884 1240 969 diremptio·
1335 949 1337 956 ,

173 1028 242 1066 nem
264 1027 295 1068 se
319 1004 430 1089 supere
451 1004 661 1087 unitatemque
686 1013 843 1087 appetere,
866 1001 911 1066 id.
926 1002 966 1066 de
988 1001 1052 1066 fide
1072 1006 1105 1066 et
1119 1002 1239 1084 operib.

77 1201 80 1204 ,
175 1125 223 1201 16,
247 1122 298 1203 28,
330 1143 356 1187 0.
379 1121 524 1187 Petilien.
546 1120 572 1201 1,
595 1123 646 1200 25,
669 1122 719 1202 27,
750 1119 817 1183 Ciu.
845 1120 883 1184 D.
907 1122 993 1199 xm,
1018 1122 1036 1182 2
1059 1119 1111 1199 al,
1141 1119 1238 1186 schol.

173 1241 289 1306 Lucan.
314 1239 351 1322 V,
375 1243 446 1304 767.

248 1408 455 1490 'dirigere
482 1428 512 1490 q.
542 1408 683 1473 mittere:
714 1407 850 1491 aliquem
879 1407 936 1472 lul.
962 1408 1047 1491 Vel,
1078 1410 1164 1475 Hier.
1188 1432 1238 1495 ep.

172 1530 243 1603 134,
267 1530 286 1592 2
319 1528 464 1592 Firmum
492 1528 528 1592 ob
554 1551 619 1591 rem
648 1551 756 1592 earum
778 1528 966 1592 Rauennam
989 1531 1164 1595 diremimus
1187 1531 1237 1613 al„

172 1645 263 1712 Ome.
284 1649 336 1726 lV,
360 1649 379 1711 6
402 1647 594 1710 Amilcarem
617 1653 659 1710 ad
678 1653 924 1738 perscrutandos
947 1648 1131 1734 Aleuandri
1149 1665 1238 1715 actus

172 1766 358 1830 direaerunt
380 1763 503 1848 (luelin.
521 1768 571 1843 21,
588 1768 617 1843 6,
642 1786 737 1847 quem
753 1766 897 1848 sequitur
914 1765 1020 1830 Oros:
1043 1768 1174 1833 mittunt
1196 1771 1238 1835 ed

170 1883 381 1967 speculandos
409 1885 475 1949 eius
498 1885 649 1966 animos),
681 1883 807 1960 Querol.
834 1887 869 1963 V,
891 1886 910 1949 3
943 1885 1238 1971 Mandroperontem

169 2010 211 2066 aa
245 2015 272 2066 u
306 2005 420 2082 seren,
452 2001 519 2096 au,
550 2002 670 2086 aliquid
700 1978 820 2085 (alicui)
850 2002 1235 2088 1u1.Va1.((1g.)‚Vict.

169 2123 254 2206 epit.
277 2121 363 2186 Hier.
380 2121 453 2186 adu.
469 2121 573 2186 Rufin.
592 2124 648 2201 Ill,
668 2125 705 2185 16
729 2145 782 2184 nec
798 2122 874 2206 (me)
895 2123 1078 2186 istiusmodi
1099 2146 1237 2208 unquam

170 2242 278 2305 literas
309 2240 475 2320 dimisisse,
505 2261 570 2323 reg.
592 2239 741 2304 Pachom.
763 2260 812 2323 pr.
841 2239 938 2303 libros
961 2263 981 2303 a
1003 2239 1136 2305 Siluano
1162 2242 1239 2306 milri

168 2362 302 2423 directos
324 2359 382 2438 el,
413 2359 543 2438 [Rufio]
573 2359 607 2422 iu
630 2359 682 2421 Oe.
708 2359 753 2422 Ill
776 2357 818 2422 ad
842 2359 891 2432 10,
915 2361 1015 2441 seqq.
1038 2359 1155 2424 uitulos
1175 2384 1235 2445 pro

165 2478 370 2564 uectigalibus
399 2478 535 2562 Assyrio
557 2476 669 2560 fuisse
699 2477 852 2556 directos,
887 2476 997 2541 Iulian.
1027 2497 1078 2560 up.
1106 2480 1184 2560 Aug.
1208 2500 1234 2544 0.

166 2618 227 2662 seo.
244 2619 327 2680 resp.
347 2596 404 2662 Iul.
424 2600 446 2672 Ι,
473 2598 511 2661 18
535 2595 713 2678 epistulam,
732 2595 849 2676 Sidou,
865 2596 972 2660 Rurio.
990 2617 1040 2678 ep.
1058 2598 1098 2676 ΙΙ,
1115 2598 1165 2679 63,
1180 2598 1234 2662 all.

102 2819 165 2859 use·
242 2784 472 2866 ilrluutluus:
499 2799 597 2865 schol.
619 2798 712 2865 Beru.
736 2800 778 2864 ad
801 2799 895 2882 Verg.
920 2801 1033 2885 Georg.
1059 2806 1082 2882 1,
1110 2803 1148 2866 18
1182 2803 1235 2865 Te-

164 2944 262 3004 peaea
287 2918 497 2984 diriuatiuum
521 2944 541 2982 a
569 2922 662 3006 Teqeo
685 2920 757 3005 (sic)
780 2923 894 3006 oppido
918 2921 1079 2986 Arcadiae
1101 2942 1161 3004 pro
1182 2927 1234 2984 'de-

164 3040 327 3103 riuatinus
355 3036 489 3120 Charis„
520 3038 625 3119 Prisc,
655 3040 807 3115 Cassiod„
837 3046 874 3104 ut
895 3044 1041 3106 deriuari
1065 3039 1177 3124 [Serg.]
1200 3042 1233 3105 iu

165 3157 281 3224 Donat.

243 3328 447 3411 diruptio:
472 3327 556 3408 Sem,
579 3328 665 3394 Cass.
682 3329 748 3395 Fel.
765 3333 802 3396 51
827 3332 909 3414 (sup.
925 3353 972 3396 nr.
989 3333 1076 3412 929),
1099 3330 1230 3415 Dionys.

164 3439 254 3530 Exig.
271 3451 367 3512 creat.
385 3447 470 3511 hom.
489 3449 528 3511 14
552 3447 781 3534 disruptionem
796 3451 1064 3535 diunisionemque
1074 3454 1229 3534 partium.

238 3635 408 3699 dirutio:
433 3635 528 3718 intpr.
547 3636 632 3718 Orig.
647 3637 680 3701 in
701 3636 814 3702 Matth.
831 3640 872 3703 59
889 3662 949 3723 per
971 3640 1077 3724 ipsam
1099 3638 1231 3728 dirutio-

163 3775 231 3816 nem
245 3753 308 3838 fur
322 3756 482 3839 inpressus
498 3753 611 3839 diripit
626 3779 692 3820 earn
713 3757 890 3843 (enimam),
914 3756 1010 3823 sohol.
1024 3757 1110 3835 Luc„
1132 3756 1228 3821 ineor.

242 3940 503 4008 discalceare:
537 3943 625 4008 Hier.
653 3963 735 4007 nom.
763 3916 852 4008 hebr.
882 3966 914 4028 p.
939 3948 996 4008 111
1030 3942 1227 4024 discalcians,

165 4076 213 4138 ep.
240 4061 308 4133 121,
331 4060 351 4122 4
379 4060 590 4125 discalciemus
612 4084 668 4125 nos
689 4062 769 4147 pelle
792 4063 899 4125 literae
921 4063 1077 4147 nudisque
1096 4061 1229 4144 pedibus

166 4178 361 4240 ascendentes
383 4194 512 4243 montem
535 4183 675 4246 dicamus
697 4230 705 4246 .
730 4231 749 4261 .‚
779 4181 852 4246 leid.
877 4204 952 4265 quu.
974 4185 1006 4246 in
1029 4180 1130 4244 Exod.
1154 4183 1183 4260 7,
1207 4182 1227 4244 4
