2970 4942
683 407 895 470 ..84-

250 589 371 672 ficaodi
390 591 522 656 coctam
546 590 599 670 aL,
623 590 661 654 cf.
679 596 713 656 et
727 590 812 655 Hier.
834 591 926 656 tadu.
941 590 1040 656 Iouin.
1059 595 1083 673 I,
1100 595 1159 658 36«
1185 606 1325 679 recepta·

252 709 324 774 auia
345 709 462 775 uuluae
486 708 531 772 ad
552 707 770 793 suscipiendos
795 721 824 773 et
847 709 1011 776 coalendos
1027 711 1120 797 fetuc
1144 709 1280 777 condito.

327 879 532 964 coalumna:
560 896 611 960 Ps.
638 896 717 979 Aug.
748 917 842 962 serm.
866 899 929 962 294
961 898 1140 984 (Caesarii),
1165 902 1183 964 6
1215 911 1324 964 coatia

252 1018 447 1084 coalumuam
477 1029 506 1080 et
536 1017 668 1080 amicam
701 1041 792 1082 suam
826 1018 1006 1082 ebrictatem
1035 1015 1229 1103 loquentibus
1257 1021 1324 1084 ica-

250 1149 392 1202 acuatur.

329 1310 528 1387 conmitti:
556 1321 634 1405 Aug.
651 1321 753 1404 inps,
769 1323 810 1386 33
834 1342 927 1387 serm.
944 1324 974 1402 2,
991 1325 1010 1387 6
1034 1321 1210 1407 (quomodo
1233 1321 1322 1387 illum

251 1441 375 1524 amati)
398 1453 434 1504 ut
457 1464 517 1506 uon
540 1438 683 1505 inuideat
708 1442 882 1506 coamatori
904 1464 969 1521 ouo,
992 1443 1094 1524 inps.
1119 1443 1168 1519 72,
1192 1443 1242 1508 33.

329 1610 540 1693 emittite:
568 1627 661 1692 Thes.
685 1648 756 1693 nou.
781 1628 836 1696 lat.
859 1650 890 1712 p.
914 1631 951 1692 12
976 1629 1022 1712 (in
1046 1628 1116 1693 eod.
1132 1649 1234 1712 comp.
1251 1648 1321 1693 aum

252 1768 325 1814 con·
346 1747 403 1814 int.
427 1753 500 1824 cett.
524 1745 672 1812 ooalbere
699 1768 730 1830 p.
754 1749 812 1829 22,
845 1747 1035 1814 aoancularo
1056 1768 1086 1829 p.
1112 1748 1169 1829 38,
1196 1747 1322 1812 coauxi-

242 1866 323 1932 *liari
346 1888 377 1951 p.
396 1867 447 1947 36,
470 1865 671 1931 conoribrare
693 1886 725 1948 p.
745 1867 814 1946 133,
838 1865 1099 1933 confrondesaere
1121 1888 1153 1949 p.
1170 1867 1257 1950 227).

212 2059 251 2099 ⁶³0
329 2036 596 2137 conmutatio:
619 2052 706 2118 Hier.
729 2053 761 2118 in
785 2052 899 2119 Ezeeh.
921 2054 1006 2120 hom.
1031 2056 1059 2131 9,
1085 2059 1100 2119 1
1123 2029 1322 2140 pciictptam

250 2174 402 2238 malarum
420 2173 556 2237 ommium
572 2184 619 2236 cst
632 2173 811 2255 multitudo,
833 2176 1032 2260 principium
1053 2187 1156 2238 autem
1173 2173 1320 2238 bouorum

251 2293 469 2378 coaupustatio
498 2305 527 2355 et
554 2316 573 2354 a
601 2293 703 2358 turbio
735 2295 768 2357 ia
802 2295 1056 2380 cc'upuiaritatem
1088 2292 1244 2376 redactio;
1280 2329 1318 2340 -

250 2414 460 2494 coangustare
482 2411 529 2475 ita
550 2432 599 2494 pr.
615 2412 679 2476 iam
702 2417 791 2492 ueta,
814 2412 925 2478 transl.
943 2413 1029 2479 Hier.
1049 2413 1081 2477 in
1097 2412 1163 2506 laet
1179 2413 1207 2490 3,
1223 2414 1320 2496 4sqq.

251 2533 306 2616 qui
325 2529 479 2615 populum
503 2530 569 2593 Dei
588 2545 796 2616 compactam
818 2544 847 2595 et
870 2533 1026 2597 tribulant
1049 2546 1077 2595 et
1090 2543 1322 2619 persequuntur

184 2681 188 2688 ⁴
251 2648 302 2727 al„
326 2647 365 2712 of.
387 2649 485 2731 intpr.
512 2647 598 2732 Orig.
621 2649 654 2712 in
676 2649 790 2715 Matth.
815 2654 855 2716 54
884 2654 963 2718 catio
995 2653 1194 2737 coaupuotati
1221 2652 1321 2714 ucocio

127 2775 130 2778 '
251 2770 283 2838 si,
303 2766 431 2853 aliquid
452 2766 552 2832 dicem
572 2771 743 2854 potuerint,
767 2774 799 2836 et
821 2773 868 2834 ita
890 2770 992 2836 Rufio.
1009 2770 1142 2854 Pamph.
1159 2790 1219 2853 pro
1235 2769 1319 2851 Orig.

251 2909 282 2970 p.
306 2889 368 2953 368
381 2887 415 2950 L.

330 3025 586 3143 caoapastac:
609 3058 629 3122 i.
653 3066 880 3144 coangustatus
904 3060 1046 3167 Cassiod.
1070 3060 1102 3123 in
1124 3077 1171 3141 ps.
1192 3057 1261 3135 118,
1278 3057 1318 3121 45

229 3161 448 3263 ¹pcccatorum
482 3175 578 3242 corda
612 3180 643 3241 io
678 3179 814 3244 bonitate
848 3191 1020 3265 coaupusta
1055 3189 1128 3242 suut
1150 3225 1157 3242 .
1182 3227 1189 3242 .
1215 3177 1320 3240 Deum

250 3317 335 3358 meus
359 3309 541 3381 compacta,
566 3296 603 3360 id
623 3311 667 3361 cot
686 3299 822 3382 polluta,
845 3323 904 3364 uon
928 3300 1052 3384 recipit.

327 3465 574 3565 coappettace:
612 3484 730 3550 Rustic.
754 3506 780 3550 0.
805 3459 923 3570 Aceph.
949 3507 979 3569 p.
1006 3486 1087 3551 1213
1123 3483 1319 3571 coappellari·

162 3678 166 3686 Ι
250 3602 354 3666 Deum
378 3613 527 3690 tauquam
550 3604 686 3669 altorum
713 3629 781 3670 cum
803 3611 911 3673 altero.

327 3773 562 3873 coaptatos:
590 3791 710 3856 Rustic.
732 3814 759 3858 0.
783 3795 901 3878 Aceph.
925 3816 956 3878 p.
983 3796 1064 3860 1225
1087 3817 1138 3857 as
1162 3792 1320 3878 coaptau-

251 3908 292 3971 iio
316 3911 520 4000 quaternario
542 3933 679 3975 uumero.

329 4093 537 4164 coaptare:
557 4079 655 4158 Hier„
678 4081 769 4146 utin
792 4080 833 4146 Is·
857 4084 886 4147 X
909 4082 951 4148 ad
974 4085 1014 4147 32
1046 4102 1126 4168 quae
1148 4091 1321 4164 sequuntur

251 4195 379 4260 eumdem
396 4213 498 4283 prope
521 4221 644 4263 coaeum
668 4201 823 4265 coutincut
846 4212 875 4263 ct
893 4213 1027 4286 poscunt
1049 4199 1211 4262 haereticis
1231 4212 1322 4282 coap·
