3000 4942
567 425 800 492 -209-

140 611 197 679 'dit
220 662 227 679 .
252 661 259 678 .
283 616 317 678 iu
338 613 458 693 multis,
481 613 559 697 Aug.
583 623 676 680 serm.
700 616 772 694 234,
796 616 815 678 2
838 661 845 677 .
867 662 884 693 .,
913 614 1050 680 »Paulin
1071 614 1215 696 bened«,

148 734 301 814 Cassian,
326 733 456 799 Primae.
481 733 515 798 in
537 735 670 818 Aponi
692 734 734 798 ad
757 753 783 800 o.
806 737 820 797 1
854 733 1080 819 discipulatum
1104 735 1215 812 subire,

149 854 292 920 Cassiod.

120 1049 147 1090 r
224 1023 392 1107 discisis:
421 1042 522 1108 num.
546 1041 579 1107 11
606 1063 637 1125 p.
661 1043 724 1107 442
754 1041 907 1140 sagrata
931 1051 976 1104 eu
1002 1039 1128 1105 cacia
1157 1041 1218 1124 (ita

147 1160 230 1243 Keil)
253 1161 513 1248 spilobceeetmiu
536 1159 748 1230 duasdistcuc.

226 1330 433 1396 discissio:
464 1331 565 1397 Hilar.
594 1331 683 1410 tria,
716 1331 801 1413 Aug.
824 1351 873 1413 ep.
897 1331 948 1410 33,
979 1331 1008 1410 2,
1038 1329 1089 1408 82,
1117 1332 1136 1395 8
1164 1329 1216 1409 al,

131 1448 236 1542 ¹Oros.
260 1448 291 1514 h.
315 1449 384 1531 Vn,
408 1452 448 1536 42
472 1450 592 1534 (unitas
614 1470 673 1533 per
695 1450 877 1515 uniuersam
902 1446 1042 1514 Africam
1064 1449 1217 1514 ecclesiae

147 1571 322 1636 catholicae
346 1568 473 1635 reddita
495 1572 567 1652 est,)
593 1581 621 1632 et
635 1592 749 1654 corpus
768 1567 892 1646 Christi,
916 1577 999 1656 quod
1020 1592 1077 1633 uos
1098 1593 1215 1645 sumus,

146 1690 362 1774 rediutcpratc
384 1689 570 1755 discissione
593 1699 740 1754 eoactum
762 1700 817 1768 est,
841 1688 972 1773 [Rufin]
995 1689 1028 1753 in
1052 1689 1151 1755 Osss
1172 1690 1217 1755 ad

145 1811 175 1890 4,
200 1811 239 1874 15
274 1811 330 1894 qui
355 1810 487 1874 uoluisti
507 1803 646 1872 vseruere
677 1807 897 1886 coucordiuru,
924 1819 1103 1894 susceptam
1124 1811 1218 1875 semei

147 1928 361 1994 discissionem
384 1941 490 2009 tereto,
513 1929 654 1995 Cassian.
678 1927 743 1993 Ino.
767 1927 824 2004 III,
849 1931 867 1991 7
892 1928 933 1992 al.

158 2098 160 2102 Ι
226 2103 496 2203 discooperire
508 2119 711 2201 (dieouorir):
728 2116 758 2182 S.
769 2116 799 2180 S.
810 2121 872 2181 uet.
887 2117 1027 2200 (Rdnsch
1038 2139 1069 2201 p.
1084 2120 1215 2202 207sq.)

145 2241 177 2301 et
192 2235 294 2319 Vulg,
318 2236 404 2301 Hier.
428 2225 523 2301 inis.
548 2234 623 2301 XVI
646 2234 688 2300 ad
712 2239 762 2314 57,
786 2239 805 2300 9
832 2244 914 2323 quod
936 2236 1015 2302 cium
1038 2237 1216 2302 adulterum

145 2358 313 2443 susceperit
336 2369 364 2420 et
387 2357 635 2444 discooperuerit
658 2358 811 2444 pallium,
841 2359 902 2421 irco
927 2355 1111 2421 diiotouerit
1133 2369 1216 2422 stra·

145 2488 209 2540 turn
232 2467 323 2540 suum
345 2476 387 2542 al.
1085 2469 1087 2472 Ι

94 2674 145 2714 1500
225 2644 490 2730 discordiose:
513 2647 592 2728 Aug.
614 2648 703 2730 bapt.
720 2647 777 2725 III,
797 2651 844 2727 15,
862 2648 913 2729 20,
936 2648 1077 2714 Facund.
1094 2646 1213 2714 defens.

144 2764 182 2844 X,
206 2765 225 2829 2
249 2772 331 2850 quod
353 2765 520 2829 crudeliter
543 2776 571 2827 et
594 2763 787 2831 discordiose
808 2767 963 2851 feceruut,
989 2767 1137 2852 »Dionys
1156 2769 1213 2833 uit.
1335 2793 1337 2796 ·

143 2882 291 2949 Pachom.
316 2887 393 2966 45c3
416 2882 490 2948 adi.
514 2883 599 2964 Sall,
624 2884 719 2968 Cypr.
743 2887 821 2950 unit.
845 2886 929 2952 cath.
950 2889 988 2951 12
1012 2892 1102 2965 extr,
1126 2887 1212 2951 Hier.

35 3067 37 3072 ,
143 3022 193 3086 ep.
219 3005 332 3082 144‚3
363 3005 558 3068 discordioso
581 3005 747 3082 couteutio,
778 3004 856 3087 Aug.
879 3025 945 3071 uer.
970 3006 1069 3072 rel..3
1101 3008 1214 3071 dicitur
1289 3077 1290 3081 ¹

143 3121 349 3189 discordiosis
372 3171 379 3186 .
405 3174 410 3187 .
436 3122 562 3206 (Matth.
588 3128 617 3203 5,
642 3124 707 3206 44),
730 3122 819 3206 bapt.
836 3123 891 3204 IV,
910 3126 959 3205 18,
976 3127 1026 3205 25,
1051 3125 1091 3191 de
1113 3145 1214 3210 agone

143 3245 183 3308 29
208 3242 260 3318 al,
288 3241 395 3309 Sidon.

220 3413 450 3497 dissotiatis:
477 3431 528 3496 Ps.
548 3431 659 3496 Soran.
683 3450 755 3514 quu.
780 3414 894 3495 medie.¹
911 3431 973 3496 245
997 3431 1212 3514 (operationes

142 3552 321 3636 chirurgiae
346 3600 353 3616 .
378 3601 386 3618 .
410 3550 574 3634 generales
596 3555 670 3616 suni
693 3599 700 3614 .
725 3551 761 3632 .)“
778 3543 979 3631 dissociatio,
1010 3549 1210 3629 subcorictr'o,

141 3673 314 3757 depuuctia
339 3672 488 3750 consutio,
513 3672 646 3749 curatio,
670 3670 860 3748 subauratiO,
886 3663 1059 3754 impuuctio
1082 3717 1114 3733 ..
1136 3670 1213 3753 (dis-

141 3791 226 3858 oorio
249 3790 397 3876 ἀποδέρω
420 3789 539 3873 gloss).

219 3959 491 4061 discrepabilis:
519 3978 661 4045 Cassiod.
675 3979 707 4044 in
728 3999 775 4062 ps.
796 3980 898 4060 100,1
926 3981 955 4042 si
968 3978 1035 4042 'iae
1058 3985 1138 4042 duae
1160 4002 1211 4042 res

145 4093 353 4182 discrepabili
382 4099 446 4162 sibi
479 4099 636 4164 uarietate
669 4099 858 4164 dissentiunt
890 4097 1097 4182 (discrepatio
1131 4097 1209 4177 Liu,

142 4214 231 4298 Aug,
256 4215 358 4281 Rufin.
383 4217 467 4301 Orig.
491 4217 525 4281 in
547 4218 636 4283 Rom.
662 4218 713 4296 VI,
739 4222 781 4302 1).

193 4328 329 4380 Paueker,
342 4331 395 4374 Lex·
410 4332 459 4374 Lat.
475 4329 660 4382 Supplementum.
977 4338 1008 4392 14
