<?xml version="1.0" encoding="UTF-8"?>
<!DOCTYPE html PUBLIC "-//W3C//DTD XHTML 1.0 Transitional//EN"
    "http://www.w3.org/TR/xhtml1/DTD/xhtml1-transitional.dtd">
<html xmlns="http://www.w3.org/1999/xhtml" xml:lang="en" lang="en">
 <head>
  <title>
</title>
<meta http-equiv="Content-Type" content="text/html;charset=utf-8" />
  <meta name='ocr-system' content='tesseract 3.04.00' />
  <meta name='ocr-capabilities' content='ocr_page ocr_carea ocr_par ocr_line ocrx_word'/>
</head>
<body>
  <div class='ocr_page' id='page_1' title='image "./supplementumlex00paucgoog_0267.png"; bbox 0 0 3000 4942; ppageno 0'>
   <div class='ocr_carea' id='block_1_1' title="bbox 702 432 932 495">
    <p class='ocr_par' dir='ltr' id='par_1_1' title="bbox 702 432 932 495">
     <span class='ocr_line' id='line_1_1' title="bbox 702 432 932 495; baseline 0.009 -2"><span class='ocrx_word' id='word_1_1' title='bbox 702 432 932 495; x_wconf 70' lang='lat'>-260—</span> 
     </span>
    </p>
   </div>
   <div class='ocr_carea' id='block_1_2' title="bbox 260 613 1360 2254">
    <p class='ocr_par' dir='ltr' id='par_1_2' title="bbox 260 613 1360 2254">
     <span class='ocr_line' id='line_1_2' title="bbox 361 613 1359 702; baseline 0 -20"><span class='ocrx_word' id='word_1_2' title='bbox 361 613 602 682; x_wconf 76' lang='lat' dir='ltr'><strong>exinanitio:</strong></span> <span class='ocrx_word' id='word_1_3' title='bbox 636 613 727 688; x_wconf 84' lang='lat' dir='ltr'><em>Plin,</em></span> <span class='ocrx_word' id='word_1_4' title='bbox 758 615 859 683; x_wconf 81' lang='lat' dir='ltr'><em>Hilar.</em></span> <span class='ocrx_word' id='word_1_5' title='bbox 889 614 979 696; x_wconf 77' lang='lat' dir='ltr'><em>Piet,</em></span> <span class='ocrx_word' id='word_1_6' title='bbox 1009 615 1114 682; x_wconf 90' lang='lat' dir='ltr'><em>Rufin.</em></span> <span class='ocrx_word' id='word_1_7' title='bbox 1137 615 1223 700; x_wconf 84' lang='lat' dir='ltr'><em>Orig.</em></span> <span class='ocrx_word' id='word_1_8' title='bbox 1252 615 1359 702; x_wconf 82' lang='lat' dir='ltr'><em>princ.</em></span> 
     </span>
     <span class='ocr_line' id='line_1_3' title="bbox 283 735 1360 825; baseline -0.001 -23"><span class='ocrx_word' id='word_1_9' title='bbox 283 737 391 817; x_wconf 74' lang='lat'><strong>1‚2‚8</strong></span> <span class='ocrx_word' id='word_1_10' title='bbox 415 743 589 800; x_wconf 79' lang='lat' dir='ltr'><em>ruinaniens</em></span> <span class='ocrx_word' id='word_1_11' title='bbox 611 759 642 800; x_wconf 89' lang='lat' dir='ltr'><em>se</em></span> <span class='ocrx_word' id='word_1_12' title='bbox 663 786 672 802; x_wconf 86' lang='lat'><strong>.</strong></span> <span class='ocrx_word' id='word_1_13' title='bbox 694 786 703 803; x_wconf 85' lang='lat'><strong>.</strong></span> <span class='ocrx_word' id='word_1_14' title='bbox 725 759 783 823; x_wconf 85' lang='lat' dir='ltr'><em>per</em></span> <span class='ocrx_word' id='word_1_15' title='bbox 806 745 906 825; x_wconf 86' lang='lat' dir='ltr'><em>ipsam</em></span> <span class='ocrx_word' id='word_1_16' title='bbox 927 744 977 802; x_wconf 85' lang='lat' dir='ltr'><em>sui</em></span> <span class='ocrx_word' id='word_1_17' title='bbox 997 743 1230 802; x_wconf 81' lang='lat' dir='ltr'><em>esinanitionem</em></span> <span class='ocrx_word' id='word_1_18' title='bbox 1248 735 1360 802; x_wconf 83' lang='lat' dir='ltr'><em>studet</em></span> 
     </span>
     <span class='ocr_line' id='line_1_4' title="bbox 281 856 1357 943; baseline 0.002 -23"><span class='ocrx_word' id='word_1_19' title='bbox 281 857 368 921; x_wconf 78' lang='lat' dir='ltr'><em>nolis</em></span> <span class='ocrx_word' id='word_1_20' title='bbox 390 863 513 921; x_wconf 84' lang='lat' dir='ltr'><em>deitatis</em></span> <span class='ocrx_word' id='word_1_21' title='bbox 531 863 752 943; x_wconf 77' lang='lat' dir='ltr'><em>plenitudinem</em></span> <span class='ocrx_word' id='word_1_22' title='bbox 780 856 1006 936; x_wconf 86' lang='lat' dir='ltr'><em>demonstrare,</em></span> <span class='ocrx_word' id='word_1_23' title='bbox 1037 856 1117 922; x_wconf 83' lang='lat' dir='ltr'><em>Mur.</em></span> <span class='ocrx_word' id='word_1_24' title='bbox 1140 856 1237 922; x_wconf 79' lang='lat' dir='ltr'><em>Mero.</em></span> <span class='ocrx_word' id='word_1_25' title='bbox 1260 877 1311 940; x_wconf 81' lang='lat' dir='ltr'><em>ep.</em></span> <span class='ocrx_word' id='word_1_26' title='bbox 1337 857 1357 922; x_wconf 89' lang='lat'><strong>3</strong></span> 
     </span>
     <span class='ocr_line' id='line_1_5' title="bbox 281 973 1359 1064; baseline 0 -22"><span class='ocrx_word' id='word_1_27' title='bbox 281 975 391 1060; x_wconf 82' lang='lat' dir='ltr'><em>synod.</em></span> <span class='ocrx_word' id='word_1_28' title='bbox 416 973 523 1060; x_wconf 83' lang='lat' dir='ltr'><em>cyrill.</em></span> <span class='ocrx_word' id='word_1_29' title='bbox 551 996 582 1058; x_wconf 89' lang='lat' dir='ltr'><em>p.</em></span> <span class='ocrx_word' id='word_1_30' title='bbox 608 979 647 1042; x_wconf 80' lang='lat'><em>15</em></span> <span class='ocrx_word' id='word_1_31' title='bbox 659 997 706 1060; x_wconf 87' lang='lat' dir='ltr'><em>sq.</em></span> <span class='ocrx_word' id='word_1_32' title='bbox 736 1000 804 1041; x_wconf 87' lang='lat' dir='ltr'><em>eum</em></span> <span class='ocrx_word' id='word_1_33' title='bbox 826 998 857 1040; x_wconf 88' lang='lat' dir='ltr'><em>se</em></span> <span class='ocrx_word' id='word_1_34' title='bbox 874 987 1007 1064; x_wconf 85' lang='lat' dir='ltr'><em>propter</em></span> <span class='ocrx_word' id='word_1_35' title='bbox 1028 1000 1085 1043; x_wconf 89' lang='lat' dir='ltr'><em>nes</em></span> <span class='ocrx_word' id='word_1_36' title='bbox 1108 975 1154 1042; x_wconf 86' lang='lat' dir='ltr'><em>ad</em></span> <span class='ocrx_word' id='word_1_37' title='bbox 1174 975 1359 1042; x_wconf 81' lang='lat' dir='ltr'><em>esinanitio·</em></span> 
     </span>
     <span class='ocr_line' id='line_1_6' title="bbox 281 1096 1358 1190; baseline -0.001 -31"><span class='ocrx_word' id='word_1_38' title='bbox 281 1117 349 1159; x_wconf 90' lang='lat' dir='ltr'><em>nem</em></span> <span class='ocrx_word' id='word_1_39' title='bbox 372 1108 577 1180; x_wconf 72' lang='lat' dir='ltr'><em>spontaneam</em></span> <span class='ocrx_word' id='word_1_40' title='bbox 598 1096 839 1162; x_wconf 79' lang='lat' dir='ltr'><em>misericorditer</em></span> <span class='ocrx_word' id='word_1_41' title='bbox 861 1103 1029 1176; x_wconf 81' lang='lat' dir='ltr'><em>inclinaret,</em></span> <span class='ocrx_word' id='word_1_42' title='bbox 1053 1118 1147 1183; x_wconf 79' lang='lat' dir='ltr'><em>quam</em></span> <span class='ocrx_word' id='word_1_43' title='bbox 1168 1096 1206 1161; x_wconf 81' lang='lat' dir='ltr'><em>ob</em></span> <span class='ocrx_word' id='word_1_44' title='bbox 1226 1118 1358 1190; x_wconf 88' lang='lat' dir='ltr'><em>eausam</em></span> 
     </span>
     <span class='ocr_line' id='line_1_7' title="bbox 282 1209 1357 1300; baseline 0.003 -22"><span class='ocrx_word' id='word_1_45' title='bbox 282 1213 390 1294; x_wconf 75' lang='lat' dir='ltr'><em>‹lipnos</em></span> <span class='ocrx_word' id='word_1_46' title='bbox 416 1221 623 1290; x_wconf 51' lang='lat' dir='ltr'><em>¹esinam&#39;tione</em></span> <span class='ocrx_word' id='word_1_47' title='bbox 648 1237 804 1280; x_wconf 87' lang='lat' dir='ltr'><em>sermones</em></span> <span class='ocrx_word' id='word_1_48' title='bbox 832 1209 1000 1300; x_wconf 74' lang='lat' dir='ltr'><em>effupsritl</em></span> <span class='ocrx_word' id='word_1_49' title='bbox 1025 1215 1084 1294; x_wconf 79' lang='lat' dir='ltr'><em>ui,</em></span> <span class='ocrx_word' id='word_1_50' title='bbox 1114 1213 1227 1299; x_wconf 87' lang='lat' dir='ltr'><em>Presp.</em></span> <span class='ocrx_word' id='word_1_51' title='bbox 1249 1215 1282 1278; x_wconf 89' lang='lat' dir='ltr'><em>in</em></span> <span class='ocrx_word' id='word_1_52' title='bbox 1304 1235 1357 1299; x_wconf 85' lang='lat' dir='ltr'><em>ps.</em></span> 
     </span>
     <span class='ocr_line' id='line_1_8' title="bbox 283 1331 1358 1420; baseline -0.002 -22"><span class='ocrx_word' id='word_1_53' title='bbox 283 1335 354 1417; x_wconf 85' lang='lat'><strong>136,</strong></span> <span class='ocrx_word' id='word_1_54' title='bbox 376 1354 408 1399; x_wconf 91' lang='grc' dir='ltr'><em>ιι.</em></span> <span class='ocrx_word' id='word_1_55' title='bbox 432 1335 463 1417; x_wconf 80' lang='grc'><em>7,</em></span> <span class='ocrx_word' id='word_1_56' title='bbox 490 1332 580 1416; x_wconf 80' lang='lat' dir='ltr'><em>Fulg.</em></span> <span class='ocrx_word' id='word_1_57' title='bbox 603 1333 701 1416; x_wconf 87' lang='lat' dir='ltr'><em>Rusp.</em></span> <span class='ocrx_word' id='word_1_58' title='bbox 726 1334 766 1399; x_wconf 87' lang='lat' dir='ltr'><em>de</em></span> <span class='ocrx_word' id='word_1_59' title='bbox 791 1332 854 1400; x_wconf 85' lang='lat' dir='ltr'><em>fids</em></span> <span class='ocrx_word' id='word_1_60' title='bbox 877 1331 919 1398; x_wconf 83' lang='lat'><em>20</em></span> <span class='ocrx_word' id='word_1_61' title='bbox 945 1356 1042 1420; x_wconf 83' lang='lat' dir='ltr'><em>neque</em></span> <span class='ocrx_word' id='word_1_62' title='bbox 1070 1341 1150 1397; x_wconf 87' lang='lat' dir='ltr'><em>enim</em></span> <span class='ocrx_word' id='word_1_63' title='bbox 1177 1340 1262 1400; x_wconf 84' lang='lat' dir='ltr'><em>aliud</em></span> <span class='ocrx_word' id='word_1_64' title='bbox 1286 1333 1358 1413; x_wconf 84' lang='lat' dir='ltr'><em>fult</em></span> 
     </span>
     <span class='ocr_line' id='line_1_9' title="bbox 281 1452 1358 1542; baseline 0.003 -25"><span class='ocrx_word' id='word_1_65' title='bbox 281 1461 333 1518; x_wconf 85' lang='lat' dir='ltr'><em>illa</em></span> <span class='ocrx_word' id='word_1_66' title='bbox 356 1453 471 1518; x_wconf 85' lang='lat' dir='ltr'><em>summi</em></span> <span class='ocrx_word' id='word_1_67' title='bbox 493 1453 560 1519; x_wconf 85' lang='lat' dir='ltr'><em>Dei</em></span> <span class='ocrx_word' id='word_1_68' title='bbox 581 1454 757 1536; x_wconf 83' lang='lat' dir='ltr'><em>erinanitio,</em></span> <span class='ocrx_word' id='word_1_69' title='bbox 786 1461 849 1519; x_wconf 86' lang='lat' dir='ltr'><em>nisi</em></span> <span class='ocrx_word' id='word_1_70' title='bbox 862 1453 993 1542; x_wconf 89' lang='lat' dir='ltr'><em>formae</em></span> <span class='ocrx_word' id='word_1_71' title='bbox 1018 1455 1154 1534; x_wconf 84' lang='lat' dir='ltr'><em>seruilis,</em></span> <span class='ocrx_word' id='word_1_72' title='bbox 1177 1452 1214 1520; x_wconf 86' lang='lat' dir='ltr'><em>id</em></span> <span class='ocrx_word' id='word_1_73' title='bbox 1234 1466 1279 1518; x_wconf 87' lang='lat' dir='ltr'><em>est</em></span> <span class='ocrx_word' id='word_1_74' title='bbox 1299 1454 1358 1520; x_wconf 85' lang='lat' dir='ltr'><em>lm-</em></span> 
     </span>
     <span class='ocr_line' id='line_1_10' title="bbox 260 1573 1357 1660; baseline 0 -21"><span class='ocrx_word' id='word_1_75' title='bbox 260 1597 394 1652; x_wconf 85' lang='lat' dir='ltr'><em>¹manae</em></span> <span class='ocrx_word' id='word_1_76' title='bbox 417 1585 567 1654; x_wconf 84' lang='lat' dir='ltr'><em>naturae,</em></span> <span class='ocrx_word' id='word_1_77' title='bbox 599 1575 751 1660; x_wconf 78' lang='lat' dir='ltr'><em>acceptio,</em></span> <span class='ocrx_word' id='word_1_78' title='bbox 779 1573 823 1639; x_wconf 90' lang='lat' dir='ltr'><em>id.</em></span> <span class='ocrx_word' id='word_1_79' title='bbox 854 1574 961 1657; x_wconf 91' lang='lat' dir='ltr'><strong>quinq.</strong></span> <span class='ocrx_word' id='word_1_80' title='bbox 991 1579 1128 1658; x_wconf 79' lang='lat' dir='ltr'><em>quaesit.</em></span> <span class='ocrx_word' id='word_1_81' title='bbox 1151 1575 1202 1653; x_wconf 83' lang='lat'><em>32,</em></span> <span class='ocrx_word' id='word_1_82' title='bbox 1225 1573 1288 1653; x_wconf 66' lang='lat' dir='ltr'><em>all„</em></span> <span class='ocrx_word' id='word_1_83' title='bbox 1313 1611 1357 1622; x_wconf 90' lang='lat'>-</span> 
     </span>
     <span class='ocr_line' id='line_1_11' title="bbox 282 1690 1355 1778; baseline 0 -20"><span class='ocrx_word' id='word_1_84' title='bbox 282 1697 381 1776; x_wconf 82' lang='lat' dir='ltr'><em>alque</em></span> <span class='ocrx_word' id='word_1_85' title='bbox 407 1691 456 1759; x_wconf 84' lang='lat' dir='ltr'><em>ila</em></span> <span class='ocrx_word' id='word_1_86' title='bbox 485 1691 692 1759; x_wconf 83' lang='lat' dir='ltr'><em>exinanire</em></span> <span class='ocrx_word' id='word_1_87' title='bbox 720 1690 799 1778; x_wconf 86' lang='lat' dir='ltr'><strong>freq.</strong></span> <span class='ocrx_word' id='word_1_88' title='bbox 823 1695 908 1774; x_wconf 78' lang='lat' dir='ltr'><em>ecel,</em></span> <span class='ocrx_word' id='word_1_89' title='bbox 936 1715 967 1758; x_wconf 91' lang='lat' dir='ltr'><em>u.</em></span> <span class='ocrx_word' id='word_1_90' title='bbox 990 1713 1017 1758; x_wconf 88' lang='lat' dir='ltr'><em>e.</em></span> <span class='ocrx_word' id='word_1_91' title='bbox 1040 1693 1128 1759; x_wconf 87' lang='lat' dir='ltr'><strong>Hier.</strong></span> <span class='ocrx_word' id='word_1_92' title='bbox 1152 1693 1225 1759; x_wconf 87' lang='lat' dir='ltr'><em>edu.</em></span> <span class='ocrx_word' id='word_1_93' title='bbox 1249 1692 1355 1758; x_wconf 90' lang='lat' dir='ltr'><em>Rufin.</em></span> 
     </span>
     <span class='ocr_line' id='line_1_12' title="bbox 281 1811 1357 1900; baseline 0.003 -24"><span class='ocrx_word' id='word_1_94' title='bbox 281 1811 322 1891; x_wconf 87' lang='lat' dir='ltr'><em>n,</em></span> <span class='ocrx_word' id='word_1_95' title='bbox 342 1813 380 1875; x_wconf 81' lang='lat'><em>12</em></span> <span class='ocrx_word' id='word_1_96' title='bbox 403 1833 437 1875; x_wconf 89' lang='lat' dir='ltr'><em>se</em></span> <span class='ocrx_word' id='word_1_97' title='bbox 459 1812 630 1876; x_wconf 81' lang='lat' dir='ltr'><em>eninaniuit</em></span> <span class='ocrx_word' id='word_1_98' title='bbox 638 1812 785 1898; x_wconf 86' lang='lat' dir='ltr'><em>formam</em></span> <span class='ocrx_word' id='word_1_99' title='bbox 799 1820 884 1878; x_wconf 83' lang='lat' dir='ltr'><em>serui</em></span> <span class='ocrx_word' id='word_1_100' title='bbox 898 1821 1048 1900; x_wconf 81' lang='lat' dir='ltr'><em>arripiens</em></span> <span class='ocrx_word' id='word_1_101' title='bbox 1062 1811 1113 1893; x_wconf 76' lang='lat' dir='ltr'><em>ui,</em></span> <span class='ocrx_word' id='word_1_102' title='bbox 1130 1812 1232 1896; x_wconf 82' lang='lat' dir='ltr'><em>Vulg.‚</em></span> <span class='ocrx_word' id='word_1_103' title='bbox 1249 1812 1357 1880; x_wconf 84' lang='lat' dir='ltr'><em>Rufin.</em></span> 
     </span>
     <span class='ocr_line' id='line_1_13' title="bbox 281 1929 1359 2019; baseline 0.002 -25"><span class='ocrx_word' id='word_1_104' title='bbox 281 1930 302 1994; x_wconf 90' lang='lat' dir='ltr'><em>l.</em></span> <span class='ocrx_word' id='word_1_105' title='bbox 325 1929 346 1995; x_wconf 91' lang='lat' dir='ltr'><em>l.</em></span> <span class='ocrx_word' id='word_1_106' title='bbox 370 1935 403 1996; x_wconf 83' lang='lat' dir='ltr'><em>et</em></span> <span class='ocrx_word' id='word_1_107' title='bbox 423 1930 523 2015; x_wconf 84' lang='lat' dir='ltr'><em>prinu.</em></span> <span class='ocrx_word' id='word_1_108' title='bbox 547 1930 602 2012; x_wconf 78' lang='lat' dir='ltr'><em>IV,</em></span> <span class='ocrx_word' id='word_1_109' title='bbox 625 1935 652 2012; x_wconf 86' lang='lat'><em>1,</em></span> <span class='ocrx_word' id='word_1_110' title='bbox 669 1931 709 1996; x_wconf 79' lang='lat'><em>32</em></span> <span class='ocrx_word' id='word_1_111' title='bbox 734 1939 765 1994; x_wconf 89' lang='lat' dir='ltr'><em>in</em></span> <span class='ocrx_word' id='word_1_112' title='bbox 788 1955 856 1997; x_wconf 90' lang='lat' dir='ltr'><em>eam</em></span> <span class='ocrx_word' id='word_1_113' title='bbox 875 1931 1110 2019; x_wconf 75' lang='lat' dir='ltr'><em>plenitudinem,</em></span> <span class='ocrx_word' id='word_1_114' title='bbox 1131 1930 1215 1996; x_wconf 83' lang='lat' dir='ltr'><em>unde</em></span> <span class='ocrx_word' id='word_1_115' title='bbox 1237 1954 1269 1996; x_wconf 87' lang='lat' dir='ltr'><em>se</em></span> <span class='ocrx_word' id='word_1_116' title='bbox 1292 1933 1359 1996; x_wconf 75' lang='lat' dir='ltr'><em>est-</em></span> 
     </span>
     <span class='ocr_line' id='line_1_14' title="bbox 281 2049 1356 2137; baseline 0.002 -22"><span class='ocrx_word' id='word_1_117' title='bbox 281 2058 450 2115; x_wconf 87' lang='lat' dir='ltr'><em>naniuerat</em></span> <span class='ocrx_word' id='word_1_118' title='bbox 472 2051 513 2116; x_wconf 83' lang='lat' dir='ltr'><em>ul.</em></span> <span class='ocrx_word' id='word_1_119' title='bbox 543 2051 597 2137; x_wconf 82' lang='lat' dir='ltr'><em>(ul.</em></span> <span class='ocrx_word' id='word_1_120' title='bbox 622 2051 799 2129; x_wconf 76' lang='lat' dir='ltr'><em>exinanire,</em></span> <span class='ocrx_word' id='word_1_121' title='bbox 830 2050 862 2117; x_wconf 88' lang='lat' dir='ltr'><em>h.</em></span> <span class='ocrx_word' id='word_1_122' title='bbox 886 2072 912 2118; x_wconf 84' lang='lat' dir='ltr'><em>e.</em></span> <span class='ocrx_word' id='word_1_123' title='bbox 938 2072 986 2134; x_wconf 87' lang='lat' dir='ltr'><em>pr.</em></span> <span class='ocrx_word' id='word_1_124' title='bbox 1010 2072 1110 2136; x_wconf 73' lang='lat' dir='ltr'><em>spen,</em></span> <span class='ocrx_word' id='word_1_125' title='bbox 1136 2050 1233 2131; x_wconf 74' lang='lat' dir='ltr'><em>Ptin,</em></span> <span class='ocrx_word' id='word_1_126' title='bbox 1264 2049 1356 2117; x_wconf 72' lang='lat' dir='ltr'><em>Cast.</em></span> 
     </span>
     <span class='ocr_line' id='line_1_15' title="bbox 283 2170 788 2254; baseline 0 -19"><span class='ocrx_word' id='word_1_127' title='bbox 283 2170 365 2237; x_wconf 77' lang='lat' dir='ltr'><em>Fet:</em></span> <span class='ocrx_word' id='word_1_128' title='bbox 388 2170 453 2236; x_wconf 92' lang='lat' dir='ltr'><em>uid.</em></span> <span class='ocrx_word' id='word_1_129' title='bbox 477 2191 502 2238; x_wconf 85' lang='lat' dir='ltr'><em>s.</em></span> <span class='ocrx_word' id='word_1_130' title='bbox 525 2191 557 2237; x_wconf 90' lang='grc' dir='ltr'><em>ιι.</em></span> <span class='ocrx_word' id='word_1_131' title='bbox 580 2170 788 2254; x_wconf 84' lang='lat' dir='ltr'><em>subinunirs).</em></span> 
     </span>
    </p>
   </div>
   <div class='ocr_carea' id='block_1_3' title="bbox 279 2366 1357 2712">
    <p class='ocr_par' dir='ltr' id='par_1_3' title="bbox 279 2366 1357 2712">
     <span class='ocr_line' id='line_1_16' title="bbox 360 2366 1356 2453; baseline -0.003 -21"><span class='ocrx_word' id='word_1_132' title='bbox 360 2370 514 2433; x_wconf 81' lang='lat' dir='ltr'><em>esttiali</em></span> <span class='ocrx_word' id='word_1_133' title='bbox 521 2382 590 2433; x_wconf 85' lang='lat' dir='ltr'><em>ter:</em></span> <span class='ocrx_word' id='word_1_134' title='bbox 613 2367 692 2450; x_wconf 87' lang='lat' dir='ltr'><strong>Aug.</strong></span> <span class='ocrx_word' id='word_1_135' title='bbox 709 2367 762 2451; x_wconf 78' lang='lat' dir='ltr'><em>(l),</em></span> <span class='ocrx_word' id='word_1_136' title='bbox 785 2366 926 2432; x_wconf 85' lang='lat' dir='ltr'><em>Cassiod.</em></span> <span class='ocrx_word' id='word_1_137' title='bbox 943 2367 975 2431; x_wconf 91' lang='lat' dir='ltr'><em>in</em></span> <span class='ocrx_word' id='word_1_138' title='bbox 995 2387 1043 2450; x_wconf 85' lang='lat' dir='ltr'><em>ps.</em></span> <span class='ocrx_word' id='word_1_139' title='bbox 1060 2367 1111 2446; x_wconf 82' lang='lat'><em>34,</em></span> <span class='ocrx_word' id='word_1_140' title='bbox 1128 2367 1168 2430; x_wconf 82' lang='lat'><em>27</em></span> <span class='ocrx_word' id='word_1_141' title='bbox 1189 2371 1356 2453; x_wconf 77' lang='lat' dir='ltr'><em>precatur,</em></span> 
     </span>
     <span class='ocr_line' id='line_1_17' title="bbox 279 2477 1357 2573; baseline 0 -23"><span class='ocrx_word' id='word_1_142' title='bbox 279 2497 315 2551; x_wconf 90' lang='lat' dir='ltr'><em>ut</em></span> <span class='ocrx_word' id='word_1_143' title='bbox 343 2493 426 2551; x_wconf 90' lang='lat' dir='ltr'><em>mala</em></span> <span class='ocrx_word' id='word_1_144' title='bbox 452 2510 513 2551; x_wconf 89' lang='lat' dir='ltr'><em>sna</em></span> <span class='ocrx_word' id='word_1_145' title='bbox 536 2494 643 2573; x_wconf 88' lang='lat' dir='ltr'><em>potius</em></span> <span class='ocrx_word' id='word_1_146' title='bbox 670 2487 854 2552; x_wconf 72' lang='lat' dir='ltr'><em>salutariter</em></span> <span class='ocrx_word' id='word_1_147' title='bbox 884 2477 988 2550; x_wconf 79' lang='lat' dir='ltr'><em>tristes</em></span> <span class='ocrx_word' id='word_1_148' title='bbox 1018 2485 1167 2572; x_wconf 71' lang='lat' dir='ltr'><em>defleant,</em></span> <span class='ocrx_word' id='word_1_149' title='bbox 1198 2509 1293 2572; x_wconf 86' lang='lat' dir='ltr'><em>quam</em></span> <span class='ocrx_word' id='word_1_150' title='bbox 1321 2481 1357 2550; x_wconf 89' lang='lat' dir='ltr'><em>se</em></span> 
     </span>
     <span class='ocr_line' id='line_1_18' title="bbox 281 2604 1326 2712; baseline -0.003 -44"><span class='ocrx_word' id='word_1_151' title='bbox 281 2607 442 2671; x_wconf 81' lang='lat' dir='ltr'><em>enitialiter</em></span> <span class='ocrx_word' id='word_1_152' title='bbox 464 2605 599 2692; x_wconf 82' lang='lat' dir='ltr'><em>implesse</em></span> <span class='ocrx_word' id='word_1_153' title='bbox 622 2605 844 2686; x_wconf 79' lang='lat' dir='ltr'><em>eonpaudeant‚</em></span> <span class='ocrx_word' id='word_1_154' title='bbox 872 2611 973 2670; x_wconf 76' lang='lat' dir='ltr'><em>rauel.</em></span> <span class='ocrx_word' id='word_1_155' title='bbox 997 2605 1069 2670; x_wconf 86' lang='lat' dir='ltr'><em>hist.</em></span> <span class='ocrx_word' id='word_1_156' title='bbox 1093 2604 1221 2670; x_wconf 83' lang='lat' dir='ltr'><em>Dulian.</em></span> <span class='ocrx_word' id='word_1_157' title='bbox 1247 2606 1326 2712; x_wconf 63' lang='grc' dir='ltr'><em>14ι.λ</em></span> 
     </span>
    </p>
   </div>
   <div class='ocr_carea' id='block_1_4' title="bbox 276 2771 1357 3248">
    <p class='ocr_par' dir='ltr' id='par_1_4' title="bbox 276 2771 1357 3248">
     <span class='ocr_line' id='line_1_19' title="bbox 359 2771 1356 2879; baseline -0.002 -21"><span class='ocrx_word' id='word_1_158' title='bbox 359 2793 503 2859; x_wconf 83' lang='lat' dir='ltr'><em>exitio:</em></span> <span class='ocrx_word' id='word_1_159' title='bbox 532 2793 635 2858; x_wconf 73' lang='lat' dir='ltr'><em>staur.</em></span> <span class='ocrx_word' id='word_1_160' title='bbox 659 2815 694 2873; x_wconf 72' lang='lat' dir='ltr'><em>a,</em></span> <span class='ocrx_word' id='word_1_161' title='bbox 723 2793 821 2858; x_wconf 72' lang='lat' dir='ltr'><em>nitar.</em></span> <span class='ocrx_word' id='word_1_162' title='bbox 846 2794 926 2859; x_wconf 75' lang='lat' dir='ltr'><em>Trin-</em></span> <span class='ocrx_word' id='word_1_163' title='bbox 955 2793 1009 2874; x_wconf 80' lang='lat' dir='ltr'><em>vl,</em></span> <span class='ocrx_word' id='word_1_164' title='bbox 1034 2795 1072 2859; x_wconf 89' lang='lat'><em>31</em></span> <span class='ocrx_word' id='word_1_165' title='bbox 1103 2804 1173 2879; x_wconf 69' lang='lat' dir='ltr'><em>pos</em></span> <span class='ocrx_word' id='word_1_166' title='bbox 1195 2771 1356 2857; x_wconf 59' lang='lat' dir='ltr'><em>assisiam</em></span> 
     </span>
     <span class='ocr_line' id='line_1_20' title="bbox 281 2910 1354 2997; baseline -0.001 -20"><span class='ocrx_word' id='word_1_167' title='bbox 281 2912 389 2977; x_wconf 77' lang='lat' dir='ltr'><em>a&#39;Deo</em></span> <span class='ocrx_word' id='word_1_168' title='bbox 412 2910 465 2990; x_wconf 68' lang='lat' dir='ltr'><em>el„</em></span> <span class='ocrx_word' id='word_1_169' title='bbox 487 2911 548 2976; x_wconf 86' lang='lat' dir='ltr'><em>inc.</em></span> <span class='ocrx_word' id='word_1_170' title='bbox 563 2932 638 2995; x_wconf 90' lang='lat' dir='ltr'><em>quu.</em></span> <span class='ocrx_word' id='word_1_171' title='bbox 654 2932 694 2976; x_wconf 86' lang='lat' dir='ltr'><em>ex</em></span> <span class='ocrx_word' id='word_1_172' title='bbox 709 2910 749 2975; x_wconf 91' lang='lat' dir='ltr'><em>N.</em></span> <span class='ocrx_word' id='word_1_173' title='bbox 766 2911 850 2977; x_wconf 82' lang='lat' dir='ltr'><em>Test.</em></span> <span class='ocrx_word' id='word_1_174' title='bbox 868 2915 905 2977; x_wconf 86' lang='lat'><em>91</em></span> <span class='ocrx_word' id='word_1_175' title='bbox 928 2914 1098 2997; x_wconf 81' lang='lat' dir='ltr'><em>prolatum</em></span> <span class='ocrx_word' id='word_1_176' title='bbox 1120 2926 1166 2982; x_wconf 86' lang='lat' dir='ltr'><em>est</em></span> <span class='ocrx_word' id='word_1_177' title='bbox 1191 2911 1354 2977; x_wconf 78' lang='lat' dir='ltr'><em>Christum</em></span> 
     </span>
     <span class='ocr_line' id='line_1_21' title="bbox 281 3030 1357 3124; baseline -0.003 -27"><span class='ocrx_word' id='word_1_178' title='bbox 281 3056 302 3096; x_wconf 88' lang='lat' dir='ltr'><em>u</em></span> <span class='ocrx_word' id='word_1_179' title='bbox 323 3033 395 3097; x_wconf 86' lang='lat' dir='ltr'><em>Deo</em></span> <span class='ocrx_word' id='word_1_180' title='bbox 417 3039 517 3095; x_wconf 80' lang='lat' dir='ltr'><em>salissa</em></span> <span class='ocrx_word' id='word_1_181' title='bbox 541 3079 548 3094; x_wconf 87' lang='lat'><strong>.</strong></span> <span class='ocrx_word' id='word_1_182' title='bbox 574 3079 592 3110; x_wconf 90' lang='lat'><em>.,</em></span> <span class='ocrx_word' id='word_1_183' title='bbox 619 3044 655 3096; x_wconf 87' lang='lat' dir='ltr'><em>ut</em></span> <span class='ocrx_word' id='word_1_184' title='bbox 672 3054 734 3117; x_wconf 87' lang='lat' dir='ltr'><em>per</em></span> <span class='ocrx_word' id='word_1_185' title='bbox 755 3030 835 3095; x_wconf 79' lang='lat' dir='ltr'><em>hane</em></span> <span class='ocrx_word' id='word_1_186' title='bbox 858 3039 1016 3097; x_wconf 74' lang='lat' dir='ltr'><em>tuitionem</em></span> <span class='ocrx_word' id='word_1_187' title='bbox 1038 3032 1152 3096; x_wconf 76' lang='lat' dir='ltr'><em>Filium</em></span> <span class='ocrx_word' id='word_1_188' title='bbox 1174 3039 1267 3124; x_wconf 85' lang='lat' dir='ltr'><em>istum</em></span> <span class='ocrx_word' id='word_1_189' title='bbox 1288 3031 1357 3094; x_wconf 84' lang='lat' dir='ltr'><em>Dei</em></span> 
     </span>
     <span class='ocr_line' id='line_1_22' title="bbox 276 3126 1345 3248; baseline -0.001 -31"><span class='ocrx_word' id='word_1_190' title='bbox 276 3153 403 3218; x_wconf 82' lang='lat' dir='ltr'><em>eredere</em></span> <span class='ocrx_word' id='word_1_191' title='bbox 424 3174 486 3216; x_wconf 90' lang='lat' dir='ltr'><em>non</em></span> <span class='ocrx_word' id='word_1_192' title='bbox 508 3161 582 3215; x_wconf 88' lang='lat' dir='ltr'><em>esset</em></span> <span class='ocrx_word' id='word_1_193' title='bbox 604 3150 788 3231; x_wconf 61' lang='lat' dir='ltr'><em>ambiguum,</em></span> <span class='ocrx_word' id='word_1_194' title='bbox 811 3150 854 3216; x_wconf 90' lang='lat' dir='ltr'><em>ib.</em></span> <span class='ocrx_word' id='word_1_195' title='bbox 868 3154 911 3217; x_wconf 40' lang='lat'><em>⁷97</em></span> <span class='ocrx_word' id='word_1_196' title='bbox 934 3173 965 3235; x_wconf 89' lang='lat' dir='ltr'><em>p.</em></span> <span class='ocrx_word' id='word_1_197' title='bbox 982 3153 1066 3217; x_wconf 77' lang='lat'><strong>2293</strong></span> <span class='ocrx_word' id='word_1_198' title='bbox 1088 3156 1111 3217; x_wconf 84' lang='lat' dir='ltr'><em>l.</em></span> <span class='ocrx_word' id='word_1_199' title='bbox 1128 3153 1168 3217; x_wconf 88' lang='lat'><em>35</em></span> <span class='ocrx_word' id='word_1_200' title='bbox 1192 3150 1307 3248; x_wconf 82' lang='lat' dir='ltr'><em>Migne.</em></span> <span class='ocrx_word' id='word_1_201' title='bbox 1343 3126 1345 3132; x_wconf 20' lang='grc' dir='ltr'>Ι</span> 
     </span>
    </p>
   </div>
   <div class='ocr_carea' id='block_1_5' title="bbox 358 3338 1443 3421">
    <p class='ocr_par' dir='ltr' id='par_1_5' title="bbox 358 3338 1443 3421">
     <span class='ocr_line' id='line_1_23' title="bbox 358 3338 1443 3421; baseline -0.001 -17"><span class='ocrx_word' id='word_1_202' title='bbox 358 3364 399 3405; x_wconf 81' lang='lat' dir='ltr'><em>es</em></span> <span class='ocrx_word' id='word_1_203' title='bbox 420 3362 535 3407; x_wconf 85' lang='lat' dir='ltr'><em>nune:</em></span> <span class='ocrx_word' id='word_1_204' title='bbox 566 3339 597 3406; x_wconf 84' lang='lat' dir='ltr'><em>S.</em></span> <span class='ocrx_word' id='word_1_205' title='bbox 621 3341 653 3407; x_wconf 85' lang='lat' dir='ltr'><em>S.</em></span> <span class='ocrx_word' id='word_1_206' title='bbox 681 3345 746 3406; x_wconf 80' lang='lat' dir='ltr'><em>uel.</em></span> <span class='ocrx_word' id='word_1_207' title='bbox 769 3340 855 3421; x_wconf 74' lang='lat' dir='ltr'><em>Lus,</em></span> <span class='ocrx_word' id='word_1_208' title='bbox 885 3341 1000 3420; x_wconf 62' lang='lat' dir='ltr'><em>Amm„</em></span> <span class='ocrx_word' id='word_1_209' title='bbox 1028 3338 1176 3408; x_wconf 64' lang='lat' dir='ltr'><em>austes</em></span> <span class='ocrx_word' id='word_1_210' title='bbox 1204 3338 1274 3408; x_wconf 84' lang='lat' dir='ltr'><em>Hel.</em></span> <span class='ocrx_word' id='word_1_211' title='bbox 1299 3340 1352 3419; x_wconf 86' lang='lat'><em>44,</em></span> <span class='ocrx_word' id='word_1_212' title='bbox 1441 3409 1443 3412; x_wconf 53' lang='grc'>,</span> 
     </span>
    </p>
   </div>
   <div class='ocr_carea' id='block_1_6' title="bbox 273 3437 1397 3788">
    <p class='ocr_par' dir='ltr' id='par_1_6' title="bbox 273 3437 1397 3788">
     <span class='ocr_line' id='line_1_24' title="bbox 279 3437 1353 3542; baseline -0.001 -17"><span class='ocrx_word' id='word_1_213' title='bbox 279 3437 323 3525; x_wconf 80' lang='lat' dir='ltr'><em>en</em></span> <span class='ocrx_word' id='word_1_214' title='bbox 345 3472 453 3529; x_wconf 89' lang='lat' dir='ltr'><em>tune:</em></span> <span class='ocrx_word' id='word_1_215' title='bbox 486 3461 517 3527; x_wconf 78' lang='lat' dir='ltr'><em>S.</em></span> <span class='ocrx_word' id='word_1_216' title='bbox 542 3459 572 3526; x_wconf 83' lang='lat' dir='ltr'><em>S.</em></span> <span class='ocrx_word' id='word_1_217' title='bbox 601 3465 665 3526; x_wconf 85' lang='lat' dir='ltr'><em>uel.</em></span> <span class='ocrx_word' id='word_1_218' title='bbox 695 3459 788 3525; x_wconf 86' lang='lat' dir='ltr'><em>Mtth.</em></span> <span class='ocrx_word' id='word_1_219' title='bbox 816 3463 850 3525; x_wconf 84' lang='lat' dir='ltr'><em>et</em></span> <span class='ocrx_word' id='word_1_220' title='bbox 880 3459 970 3542; x_wconf 83' lang='lat' dir='ltr'><em>Vulg.</em></span> <span class='ocrx_word' id='word_1_221' title='bbox 999 3459 1053 3539; x_wconf 77' lang='lat' dir='ltr'><em>Is,</em></span> <span class='ocrx_word' id='word_1_222' title='bbox 1085 3460 1182 3541; x_wconf 86' lang='lat' dir='ltr'><em>intpr.</em></span> <span class='ocrx_word' id='word_1_223' title='bbox 1207 3451 1293 3542; x_wconf 83' lang='lat' dir='ltr'><em>Orig.</em></span> <span class='ocrx_word' id='word_1_224' title='bbox 1317 3457 1353 3524; x_wconf 92' lang='lat' dir='ltr'><em>in</em></span> 
     </span>
     <span class='ocr_line' id='line_1_25' title="bbox 279 3567 1397 3666; baseline -0.007 -17"><span class='ocrx_word' id='word_1_225' title='bbox 279 3567 395 3649; x_wconf 72' lang='lat' dir='ltr'><em>Mutih.</em></span> <span class='ocrx_word' id='word_1_226' title='bbox 421 3583 483 3647; x_wconf 86' lang='lat'><em>134</em></span> <span class='ocrx_word' id='word_1_227' title='bbox 503 3603 536 3666; x_wconf 85' lang='lat' dir='ltr'><em>p.</em></span> <span class='ocrx_word' id='word_1_228' title='bbox 560 3585 599 3648; x_wconf 77' lang='lat'><em>57</em></span> <span class='ocrx_word' id='word_1_229' title='bbox 635 3603 670 3645; x_wconf 84' lang='lat' dir='ltr'><em>es</em></span> <span class='ocrx_word' id='word_1_230' title='bbox 697 3592 769 3645; x_wconf 84' lang='lat' dir='ltr'><em>lunt</em></span> <span class='ocrx_word' id='word_1_231' title='bbox 796 3588 893 3645; x_wconf 86' lang='lat' dir='ltr'><em>omnis</em></span> <span class='ocrx_word' id='word_1_232' title='bbox 915 3586 966 3643; x_wconf 88' lang='lat' dir='ltr'><em>illa</em></span> <span class='ocrx_word' id='word_1_233' title='bbox 990 3602 1061 3658; x_wconf 74' lang='lat' dir='ltr'><em>pens</em></span> <span class='ocrx_word' id='word_1_234' title='bbox 1084 3579 1213 3643; x_wconf 83' lang='lat' dir='ltr'><em>tenebris</em></span> <span class='ocrx_word' id='word_1_235' title='bbox 1236 3589 1282 3644; x_wconf 84' lang='lat' dir='ltr'><em>est</em></span> <span class='ocrx_word' id='word_1_236' title='bbox 1303 3592 1361 3642; x_wconf 81' lang='lat' dir='ltr'><em>re-&#39;</em></span> <span class='ocrx_word' id='word_1_237' title='bbox 1395 3626 1397 3630; x_wconf 71' lang='lat'>‚</span> 
     </span>
     <span class='ocr_line' id='line_1_26' title="bbox 273 3698 682 3788; baseline -0.002 -22"><span class='ocrx_word' id='word_1_238' title='bbox 273 3709 368 3788; x_wconf 76' lang='lat' dir='ltr'><em>pieta,</em></span> <span class='ocrx_word' id='word_1_239' title='bbox 392 3699 515 3782; x_wconf 65' lang='lat' dir='ltr'><em>Alcim„</em></span> <span class='ocrx_word' id='word_1_240' title='bbox 538 3698 607 3768; x_wconf 82' lang='lat' dir='ltr'><em>Hel.</em></span> <span class='ocrx_word' id='word_1_241' title='bbox 632 3701 682 3766; x_wconf 86' lang='lat'><em>38.</em></span> 
     </span>
    </p>
   </div>
   <div class='ocr_carea' id='block_1_7' title="bbox 277 3885 1366 4112">
    <p class='ocr_par' dir='ltr' id='par_1_7' title="bbox 277 3885 1366 4112">
     <span class='ocr_line' id='line_1_27' title="bbox 356 3885 1365 3990; baseline 0.001 -19"><span class='ocrx_word' id='word_1_242' title='bbox 356 3907 594 3989; x_wconf 73' lang='lat' dir='ltr'><em>exoccupari:</em></span> <span class='ocrx_word' id='word_1_243' title='bbox 620 3904 706 3972; x_wconf 67' lang='lat' dir='ltr'><em>Patr.</em></span> <span class='ocrx_word' id='word_1_244' title='bbox 730 3885 876 3990; x_wconf 74' lang='lat' dir='ltr'><em>chrysa.</em></span> <span class='ocrx_word' id='word_1_245' title='bbox 902 3924 995 3970; x_wconf 77' lang='lat' dir='ltr'><em>serm.</em></span> <span class='ocrx_word' id='word_1_246' title='bbox 1020 3908 1059 3972; x_wconf 89' lang='lat'><em>65</em></span> <span class='ocrx_word' id='word_1_247' title='bbox 1082 3905 1125 3971; x_wconf 78' lang='lat' dir='ltr'><em>in.</em></span> <span class='ocrx_word' id='word_1_248' title='bbox 1156 3923 1365 3972; x_wconf 59' lang='lat' dir='ltr'><em>atollimus</em></span> 
     </span>
     <span class='ocr_line' id='line_1_28' title="bbox 277 4005 1366 4112; baseline -0.01 -18"><span class='ocrx_word' id='word_1_249' title='bbox 277 4005 404 4108; x_wconf 84' lang='lat' dir='ltr'><em>animas,</em></span> <span class='ocrx_word' id='word_1_250' title='bbox 429 4026 597 4090; x_wconf 82' lang='lat' dir='ltr'><em>abiciamus</em></span> <span class='ocrx_word' id='word_1_251' title='bbox 619 4049 720 4107; x_wconf 85' lang='lat' dir='ltr'><em>suras,</em></span> <span class='ocrx_word' id='word_1_252' title='bbox 744 4047 961 4112; x_wconf 74' lang='lat' dir='ltr'><em>maeaupemus</em></span> <span class='ocrx_word' id='word_1_253' title='bbox 983 4047 1094 4105; x_wconf 86' lang='lat' dir='ltr'><em>sensus,</em></span> <span class='ocrx_word' id='word_1_254' title='bbox 1120 4022 1276 4090; x_wconf 64' lang='lat' dir='ltr'><em>»Seritur</em></span> <span class='ocrx_word' id='word_1_255' title='bbox 1365 4041 1366 4044; x_wconf 69' lang='grc'>’</span> 
     </span>
    </p>
   </div>
   <div class='ocr_carea' id='block_1_8' title="bbox 310 4219 1350 4330">
    <p class='ocr_par' dir='ltr' id='par_1_8' title="bbox 310 4219 1350 4330">
     <span class='ocr_line' id='line_1_29' title="bbox 310 4219 1350 4330; baseline -0.011 -26"><span class='ocrx_word' id='word_1_256' title='bbox 310 4239 312 4241; x_wconf 73' lang='grc'><strong>’</strong></span> <span class='ocrx_word' id='word_1_257' title='bbox 354 4219 570 4330; x_wconf 66' lang='grc' dir='ltr'><em>ΘΧθΡθΙἯῐΙΙῦ</em></span> <span class='ocrx_word' id='word_1_258' title='bbox 596 4250 697 4315; x_wconf 78' lang='lat' dir='ltr'><em>pass.</em></span> <span class='ocrx_word' id='word_1_259' title='bbox 724 4230 821 4314; x_wconf 81' lang='lat' dir='ltr'><em>inipr.</em></span> <span class='ocrx_word' id='word_1_260' title='bbox 847 4229 933 4312; x_wconf 83' lang='lat' dir='ltr'><em>Orig.</em></span> <span class='ocrx_word' id='word_1_261' title='bbox 955 4228 988 4293; x_wconf 90' lang='lat' dir='ltr'><em>in</em></span> <span class='ocrx_word' id='word_1_262' title='bbox 1011 4227 1141 4294; x_wconf 57' lang='lat' dir='ltr'><em>Maliba</em></span> <span class='ocrx_word' id='word_1_263' title='bbox 1171 4228 1254 4310; x_wconf 85' lang='lat' dir='ltr'><em>Ap.</em></span> <span class='ocrx_word' id='word_1_264' title='bbox 1275 4229 1350 4293; x_wconf 64' lang='grc' dir='ltr'><em>η’.</em></span> 
     </span>
    </p>
   </div>
   <div class='ocr_carea' id='block_1_9' title="bbox 0 0 1504 4942">
    <p class='ocr_par' dir='ltr' id='par_1_9' title="bbox 0 0 1504 4942">
     <span class='ocr_line' id='line_1_30' title="bbox 0 0 1504 4942; baseline 0 2"><span class='ocrx_word' id='word_1_265' title='bbox 0 0 1504 4942; x_wconf 95' lang='lat' dir='ltr'><em> </em></span> 
     </span>
    </p>
   </div>
  </div>
 </body>
</html>
