2970 4936
574 399 806 462 -380-

155 584 276 650 Possid.
300 585 369 648 uita
398 585 493 666 Aug„
521 581 606 648 Max.
636 584 747 662 Taun,
777 584 905 666 Dionys.
932 583 1039 664 Exig.,
1070 583 1235 663 Cassiod„

154 703 300 782 Primos,
324 703 417 786 Grog.
442 702 482 766 M.
507 722 556 785 sp.
581 701 638 781 111,
664 704 692 780 2,
716 703 902 767 Noa-uera.
926 702 1009 784 uulg.
1032 704 1083 782 26,
1109 706 1127 765 2
1154 703 1199 766 al.

232 891 586 984 indisciplinatus:
616 898 647 963 S.
672 898 713 977 S„
739 897 843 982 Gypr.,
870 898 959 979 Aug.,
982 919 1034 960 an.
1057 898 1090 960 in
1113 897 1175 961 Iob
1200 898 1235 962 II

154 1038 185 1100 p.
212 1018 271 1081 198
302 1019 341 1081 ab
367 1018 476 1100 impiis
499 1031 593 1103 atque
619 1017 868 1101 indisciplinatis
892 1015 1080 1090 hominibus,
1111 1016 1234 1081 Iulian.

154 1156 206 1219 ap.
226 1136 305 1218 Aug.
329 1157 355 1200 c.
380 1157 440 1200 seo.
465 1156 549 1219 resp.
574 1135 633 1200 Iul.
657 1135 682 1214 Ι,
707 1138 758 1216 27,
781 1137 867 1201 Hier.
885 1137 927 1219 (1)
951 1135 993 1200 ad
1015 1136 1095 1218 uirg.
1117 1136 1154 1199 in
1178 1157 1236 1200 ox-

154 1254 202 1318 sil.
225 1254 357 1319 missam
386 1255 405 1318 2
442 1254 675 1338 indisciplinata
697 1254 925 1340 festinatione,
956 1252 1098 1317 Cassian.
1129 1252 1263 1318 Goon.'

69 1357 80 1374 ¹
154 1371 233 1436 Inst.
256 1370 297 1450 II,
325 1371 371 1448 10,
394 1370 439 1434 id.
462 1369 540 1436 (loll.
562 1369 633 1450 vll,
659 1372 697 1435 19
722 1373 755 1436 in
777 1371 870 1437 rebus
894 1374 1153 1458 indisciplinatis.

232 1565 493 1632 indiscretio:
517 1566 616 1645 Hier„
641 1567 744 1632 Rufin.
767 1566 877 1632 bensd.
900 1569 922 1644 Ι,
947 1568 966 1629 2
989 1587 1048 1645 sx.‚
1071 1565 1115 1630 id.
1140 1566 1234 1653 Orig.

154 1689 188 1750 in
210 1686 288 1751 Gan.
310 1686 342 1750 h.
362 1689 408 1765 17,
429 1687 447 1750 5
471 1685 585 1750 Patris
609 1699 638 1749 et
661 1685 740 1750 Filii
759 1686 896 1751 unitatis
919 1698 1009 1771 atque
1031 1683 1236 1753 indisnetio-

30 1832 32 1838 ,
154 1806 205 1869 nis
228 1807 317 1889 (nonz
341 1803 572 1887 Unbilligksit).

233 1992 510 2055 indiscussus:
539 1991 641 2057 Rufio.
663 1992 697 2055 in
721 1990 806 2073 Orig.
829 1992 862 2056 in
887 1995 978 2058 Rom.
1002 1992 1042 2071 ΙΙ,
1066 1995 1085 2057 6
1115 2007 1145 2058 et
1174 1997 1234 2061 tos

154 2160 161 2175 .
187 2159 194 2173 .
217 2112 423 2174 indiscussum
445 2135 505 2176 non
528 2113 718 2191 omittamus,
741 2112 784 2177 ib.
802 2116 829 2207 7ι
844 2133 868 2176 s.
893 2111 924 2190 1.,
948 2111 992 2176 id.
1009 2113 1143 2194 Pamph.
1168 2137 1233 2198 pro

155 2233 241 2314 orig.
270 2254 302 2316 p.
326 2233 388 2297 362
411 2233 471 2315 ai,
499 2234 597 2316 intpr.
622 2232 706 2316 Orig.
730 2235 762 2298 in
790 2233 904 2299 Matth.
930 2236 970 2298 27
1005 2236 1035 2298 si
1063 2257 1118 2298 nes
1146 2235 1235 2299 Abel

154 2373 262 2415 nomen
284 2350 493 2416 indiscussum
517 2351 657 2416 debemus
678 2354 849 2438 relinquere
865 2351 916 2432 al„
934 2355 1010 2436 Aug.
1027 2353 1070 2417 ad
1087 2354 1181 2419 Oros.
1200 2357 1231 2432 2,

155 2469 292 2535 Cassian.
321 2471 415 2535 Goon.
443 2470 521 2535 Insi.
550 2470 574 2549 1,
599 2472 628 2550 3,
660 2470 705 2536 Ol.
734 2470 830 2535 Mam.
859 2491 909 2535 an.
938 2471 994 2550 III,
1021 2477 1032 2536 Ι
1073 2494 1155 2557 quae
1190 2496 1232 2536 en

154 2596 300 2672 opnocnlo
316 2589 410 2653 luins
427 2639 434 2654 .
451 2639 459 2655 .
476 2603 646 2674 supersunt
661 2591 847 2670 indiscussa,
868 2591 908 2661 II.
925 2596 955 2672 7,
969 2595 988 2656 6
1001 2590 1051 2670 al„
1069 2590 1230 2672 Cassiod„

154 2707 227 2771 adu.
258 2712 336 2791 Aug.
368 2707 469 2790 (DV),
502 2707 582 2771 Mar.
612 2706 709 2773 Mero.
740 2729 825 2773 sxoo.
855 2708 979 2774 Nost-or.
1009 2708 1080 2774 coll.
1110 2709 1154 2789 11,
1188 2712 1229 2774 21

153 2826 341 2892 ‘indiscusso
363 2826 436 2892 nolo
458 2826 620 2892 faueatis'.
1012 2835 1014 2840 ’

231 3013 521 3113 indispertibilis:
550 3031 628 3096 Mar.
653 3032 748 3096 Mero.
769 3031 875 3114 Cyrill.
899 3033 1021 3098 incarn.
1043 3033 1171 3115 unigen.
1188 3037 1232 3101 25

153 3139 353 3234 incorporeas
377 3164 405 3214 et
425 3150 667 3236 indispertibilis
693 3150 931 3235 (disparitibilis
953 3151 1062 3233 ieri).

232 3344 491 3428 indisposite:
523 3347 604 3426 Son,
630 3346 709 3428 Aug.
734 3345 822 3410 Conf.
847 3346 885 3426 X,
912 3350 949 3410 ll
978 3371 1024 3425 ea,
1049 3370 1131 3431 qnae
1151 3373 1234 3433 pas-

155 3471 213 3524 sim
235 3477 328 3549 ntqne
350 3464 534 3551 indisposite
557 3475 706 3530 mensorio
734 3466 919 3547 continebat,
943 3466 1107 3544 sopilando
1132 3479 1234 3552 qnasi

154 3589 293 3660 oollipene.

232 3769 567 3836 indissociabilis:
602 3771 751 3837 Paschas.
786 3773 863 3856 spir.
897 3779 995 3838 sanct.
1026 3772 1067 3852 II,
1096 3775 1117 3836 4
1152 3779 1234 3842 anio

157 3887 272 3952 ›Isidn

236 4057 516 4124 indissimilis:
540 4060 633 4126 Varr.
656 4061 691 4126 L.
715 4061 749 4126 L.
775 4060 860 4140 dub.‚
884 4061 984 4126 Hilar.
1007 4060 1091 4124 Trin.
1110 4060 1185 4144 VH,
1212 4070 1233 4132 5

156 4178 348 4241 indiscretae
377 4191 406 4241 et
432 4179 629 4244 indissimilis
659 4183 694 4246 in
721 4182 819 4246 Patre
850 4195 878 4244 et
905 4182 985 4244 Filio
1014 4191 1151 4244 nalnnae
1178 4231 1186 4246 .
1223 4235 1231 4252 ,

1416 690 1422 791 Ι

1415 802 1419 837 1

1410 840 1426 1007 Ι
