2970 4942
705 465 752 509 p-
800 430 859 492 roo
906 466 943 474 -

293 613 390 692 bitur,
407 613 491 697 quod
507 615 725 696 unusquisque
738 613 959 679 damnificatus
972 616 1042 697 est),
1059 613 1201 681 Cassiod.
1217 614 1361 699 (Epiph.)

293 733 324 798 h.
348 733 422 815 trip.
446 734 628 817 (pecuniis),
652 733 746 816 Greg.
763 733 806 797 M.
830 732 938 816 (aliter
960 731 1040 797 laesi
1062 737 1118 797 eut
1141 732 1361 818 damnificati),

293 849 388 934 glosa

242 1042 292 1081 neo
373 1020 550 1085 damula:
586 1023 678 1104 App,
714 1020 815 1104 Vulg„
845 1021 947 1087 Iouiu.
979 1041 1031 1106 ap.
1055 1021 1141 1086 Hier.
1174 1022 1247 1088 adu.
1273 1022 1363 1087 Iouin
1395 1005 1399 1012 ³

294 1140 337 1219 ΙΙ,
361 1143 390 1217 5,
414 1139 518 1204 Rufin.
543 1139 596 1204 Or.
619 1141 651 1204 in
675 1140 766 1204 Cani.
788 1141 838 1204 III
863 1162 894 1223 p.
919 1143 959 1206 56
983 1140 1134 1227 quomodo
1157 1165 1290 1226 capreae
1311 1142 1365 1206 uel

294 1257 442 1322 damulae
465 1271 672 1344 comparetur,
695 1259 733 1324 N.
757 1259 820 1323 Tir.

369 1445 605 1529 leniendus:
634 1464 667 1528 o.
691 1464 716 1530 1.
740 1463 839 1542 1111
873 1465 988 1546 ,1151
1026 1463 1073 1547 (in
1100 1462 1211 1527 rabula
1240 1465 1363 1546 cerata)

291 1584 372 1646 inter
397 1581 542 1648 Cossium
563 1584 749 1648 Frontinum
779 1594 809 1646 et
836 1584 958 1648 Iulium
981 1583 1201 1648 Alexandrum
1231 1585 1365 1648 eooietoe

294 1701 491 1767 danistaeioe
514 1705 664 1769 conuenit.

369 1871 502 1956 datrix:
528 1889 609 1954 Mer.
626 1890 722 1956 Mera.
740 1890 866 1956 Nestor.
890 1912 915 1956 o.
932 1889 1038 1972 Peleg.
1062 1894 1101 1954 tr.
1124 1891 1153 1971 2,
1178 1892 1207 1967 6,
1231 1928 1270 1936 -
1295 1888 1366 1954 da·

292 2014 352 2075 tor
374 2008 489 2089 Pleut,
520 2031 544 2074 s.
569 2010 675 2093 Verg,
711 2049 751 2060 -
784 2011 870 2089 Aru,
899 2009 985 2074 Hier.
1009 2010 1043 2074 in
1070 2008 1124 2073 Os.
1146 2009 1189 2074 ad
1211 2009 1250 2088 ΙΙ,
1275 2011 1294 2074 9
1318 2022 1364 2089 ut,

174 2175 179 2186 .
292 2131 346 2215 qui
368 2153 406 2194 ea
430 2131 521 2216 eopia
544 2130 686 2193 datorem
702 2154 767 2219 non
789 2141 968 2208 senserunt,
998 2128 1133 2192 sentiant
1162 2151 1201 2190 ea
1221 2131 1366 2212 penurua

291 2245 342 2325 al.‚
373 2248 470 2330 intpr.
494 2247 547 2313 Or.
571 2248 603 2312 in
626 2247 740 2312 Matth.
765 2250 805 2312 79
840 2248 950 2312 Mooen
975 2247 1053 2332 lepis
1076 2245 1232 2324 datorem,
1266 2247 1364 2329 iutpr.

291 2364 383 2446 Ireu,
407 2367 487 2451 Aug.

370 2562 588 2628 dealbatio:
623 2563 709 2628 Hier.
733 2563 765 2626 in
789 2562 903 2640 Ezeoh.
922 2561 999 2638 VIII
1022 2560 1064 2626 ad
1087 2564 1137 2639 27,
1162 2564 1241 2642 leq.
1264 2560 1365 2624 Liba·
1460 2605 1464 2615 -

292 2703 351 2742 nuo
373 2667 601 2765 interpretatur
624 2680 743 2744 condor
765 2684 834 2744 niue
862 2680 1021 2745 dealbatio
1045 2680 1096 2759 al„
1125 2679 1228 2744 Rufin.
1252 2678 1306 2742 Or.
1330 2680 1364 2743 iu
1446 2679 1447 2682 ’

291 2798 383 2862 Num.
407 2801 457 2877 27,
484 2802 531 2872 12,
563 2801 654 2880 Aug,
678 2799 754 2862 Isid.
778 2820 852 2902 quu.
876 2800 908 2862 iu
932 2799 1010 2864 Gen.
1036 2800 1086 2874 25,
1110 2799 1129 2863 8
1152 2809 1363 2883 peecatorum,

291 2918 342 2994 26,
367 2919 399 2990 2;
430 2955 471 2964 -
501 2916 724 2981 dealbator
753 2917 847 2982 inser.
870 2917 1047 3000 Pompei.
1071 2919 1143 2994 222,
1172 2915 1249 2981 Cod.
1273 2916 1362 2996 lust,

290 3035 387 3117 gloss.

362 3204 565 3271 dealitas:
600 3207 716 3286 Hilar.‚
755 3207 880 3271 »Arion
909 3227 1002 3271 serm.
1035 3206 1129 3288 frgm.
1162 3208 1200 3271 13
1234 3211 1257 3270 t.
1285 3205 1363 3270 XIII

290 3346 321 3407 p.
339 3325 401 3389 618
417 3323 490 3404 Ma,
515 3325 613 3390 Lucis.
636 3347 699 3391 non
722 3345 808 3408 paro.
831 3347 863 3409 p.
887 3326 949 3389 996
974 3326 1050 3409 quia
1072 3347 1136 3387 una
1159 3326 1200 3388 eit
1219 3323 1363 3388 dealiter

290 3445 324 3506 in
347 3443 447 3506 Patre
470 3457 498 3506 et
521 3443 608 3508 Filio
631 3443 682 3522 ei,
707 3443 824 3508 Arnob.
847 3444 910 3508 iun.
936 3443 976 3509 de
997 3443 1064 3508 Deo
1088 3444 1172 3507 trino
1195 3445 1238 3521 ΙΙ,
1264 3444 1304 3507 23
1328 3444 1363 3506 in
1403 3497 1409 3518 ,

290 3585 355 3625 una
378 3560 527 3624 dealitate
551 3561 633 3625 duae
656 3563 855 3626 substantiae
879 3563 1049 3648 antraque,
1072 3562 1115 3626 ib.
1134 3563 1172 3626 12
1189 3561 1286 3646 (mele
1301 3583 1362 3644 pro

292 3679 395 3763 deitus
416 3680 470 3746 uel
492 3680 670 3765 diuinitas).

369 3851 704 3916 deambulacrum:
732 3853 880 3918 Mamert.
909 3858 989 3936 grat.
1013 3857 1074 3917 aci.
1106 3845 1149 3916 ud
1176 3851 1245 3931 Iul.
1273 3851 1362 3919 Hier.

289 3972 323 4036 iu
346 3970 459 4036 Erech.
476 3974 538 4037 XII
561 3973 603 4037 ad
626 3974 676 4048 40,
700 3975 742 4037 44
753 3994 819 4056 sqq.
843 3985 879 4037 ut
900 3972 1078 4038 eaoendotee
1100 3972 1235 4037 habeant
1257 3970 1363 4036 deam·

292 4091 423 4155 bulaora
455 4091 628 4168 latissima,
657 4091 748 4173 Vulg.
772 4092 866 4172 Reg..
898 4090 1032 4157 Eucher.
1062 4089 1148 4154 laud.
1178 4089 1274 4154 eremi
1303 4091 1362 4171 323

290 4209 377 4274 idem
401 4215 449 4274 est
470 4230 528 4292 per
550 4214 666 4274 metor.
691 4208 908 4274 deambulatio
932 4211 986 4273 Ee.
1002 4211 1090 4290 42,4
1113 4213 1147 4273 et
1168 4209 1253 4273 Hier.
1274 4207 1317 4272 ed
1340 4209 1361 4272 1.
