3000 4942
707 405 938 470 -242-

287 593 375 662 ericii
398 595 477 678 (uid.
501 615 549 660 nr.
572 593 714 678 subseq.)
743 589 796 659 uel
818 592 953 704 eriuucei
978 591 1142 675 (irenacei)
1172 591 1251 658 Plin.
1275 593 1363 660 Hist.

287 713 360 788 Nat.
384 714 483 795 XXX,
507 715 558 791 21,
582 715 631 780 65.

364 910 520 975 ericius:
550 930 659 992 propr.
683 908 775 974 Varr.
798 908 847 987 fr,
875 909 982 974 Ambr.
1006 909 1159 974 Hexaem.
1185 909 1237 988 Vl,
1263 911 1292 988 4,
1318 911 1363 974 20

287 1029 413 1093 celticae
436 1030 496 1093 ieie
519 1040 670 1107 terreuue,
694 1051 783 1112 quem
804 1029 899 1114 uulua
923 1028 1054 1092 ericium
1075 1042 1198 1107 uocare,
1222 1028 1309 1092 Hier.
1327 1028 1362 1092 in

286 1146 384 1212 Abeo.
403 1149 435 1213 11
457 1147 500 1211 ad
523 1148 552 1226 3,
579 1148 616 1209 17
641 1146 692 1226 al,
710 1144 811 1228 Vulg,
835 1145 978 1224 Cassiod.
995 1146 1028 1210 in
1048 1167 1096 1229 pe.
1117 1148 1185 1226 103,
1204 1148 1242 1211 18
1259 1143 1362 1231 ‘refu-

199 1356 202 1361 Ι
283 1268 373 1352 ‚aium
400 1264 563 1332 erinaciie'
596 1313 603 1330 .
629 1313 636 1329 .
664 1267 821 1330 erinacius
849 1277 894 1329 eet
922 1289 1010 1349 quem
1037 1289 1186 1331 uocemue
1216 1266 1360 1344 ericium,

286 1385 374 1464 Isid,
398 1384 438 1468 gl.
463 1383 563 1449 Labb.
609 1384 656 1449 De
679 1383 783 1449 forma
805 1385 968 1450 erinaceus
992 1433 998 1447 .
1023 1434 1029 1449 .
1059 1387 1097 1450 cf.
1122 1385 1189 1469 (ἃς,
1212 1384 1263 1450 cui
1285 1405 1362 1449 con-

285 1501 415 1569 tulimus
436 1503 523 1570 locos
536 1501 592 1566 'PL
614 1502 684 1568 Vel.
709 1507 741 1568 et
763 1503 839 1568 Aru.
862 1505 926 1569 iun.

365 1719 565 1793 crocatur:
594 1707 688 1785 Tert,
722 1708 798 1789 Aug.
827 1706 859 1771 in
883 1729 930 1791 ps.
954 1709 1004 1788 38,
1029 1712 1046 1774 5
1077 1711 1109 1773 iu
1138 1711 1227 1774 iilum
1248 1708 1360 1789 ficem,

287 1850 347 1914 quo
372 1826 522 1906 dicturus¹
542 1839 587 1889 eet
615 1828 690 1892 bauo
714 1830 874 1913 cracatare'
889 1825 987 1893 ‘iutra
1011 1830 1044 1891 iu
1064 1830 1218 1914 fraudium
1241 1829 1364 1900 domiui

288 1945 353 2026 cui'
375 1947 506 2031 (ruauh.
530 1949 581 2025 25,
605 1948 670 2030 21),
693 1967 787 2012 serm.
811 1947 882 2026 340,
907 1949 927 2012 4
950 1947 1002 2026 al,
1026 1946 1102 2012 Cod.
1126 1947 1204 2011 Iust.

363 2141 520 2226 errollus
546 2161 678 2244 uage:
701 2161 727 2224 Α
750 2182 781 2244 p.
804 2161 876 2224 rur.

235 2384 285 2422 1⁷00
365 2377 571 2423 erroneus:
601 2358 672 2422 Seu.
697 2357 768 2421 ben.
793 2355 845 2434 VI,
872 2359 962 2434 11,2
994 2363 1031 2436 (r.
1057 2357 1128 2438 Gg.)
1159 2355 1233 2418 dura
1255 2378 1361 2440 uauue

288 2487 377 2562 atque
401 2500 547 2558 erraucue
571 2476 750 2541 uernaculis
774 2488 979 2561 cauareyaiur
999 2488 1027 2538 et
1046 2475 1133 2553 ludu,
1160 2475 1227 2540 Col.
1245 2475 1361 2558 (dua),

287 2595 370 2679 App.
387 2617 420 2675 s,
445 2597 535 2660 Hier.
551 2595 623 2660 adu.
641 2596 740 2660 louin.
758 2594 797 2671 ΙΙ,
815 2596 854 2658 23
878 2617 950 2658 oues
974 2617 1128 2666 erroneas,
1152 2593 1183 2656 in
1200 2592 1312 2657 Zacch.
1331 2596 1361 2660 11

287 2713 330 2777 ad
349 2714 428 2793 10,1
456 2715 624 2799 spiritibue
648 2715 783 2778 aroneis
806 2713 857 2791 al,
881 2734 930 2778 an.
955 2714 986 2776 in
1002 2713 1060 2776 Iob
1077 2715 1104 2777 II
1121 2733 1151 2794 p.
1170 2714 1229 2776 183
1251 2712 1286 2776 ‘et
1306 2739 1362 2798 eqo

287 2832 397 2925 uaya',
427 2833 528 2896 ueluti
551 2856 695 2911 erronea,
727 2831 826 2897 Nicet.
851 2832 974 2914 explan.
998 2831 1105 2915 Symb.
1130 2836 1149 2895 4
1183 2835 1263 2897 sieut
1291 2836 1363 2919 qui-

289 2953 361 3015 dam
376 2954 503 3017 erronei
517 2952 662 3016 haeretici
675 2953 791 3032 dicunt,
808 2951 949 3016 Cassiod.
963 2952 1053 3034 inps.
1070 2954 1119 3030 70,
1134 2955 1183 3030 24,
1196 2952 1269 3016 hist.
1283 2955 1359 3036 trip.

288 3072 413 3153 V11‚35
438 3080 566 3164 accurare
589 3073 719 3158 quidam
741 3094 887 3136 erroneae
908 3073 1074 3157 persuasit
1089 3063 1243 3155 (Valenti)
1263 3085 1322 3136 ut.
1341 3122 1360 3153 .,

288 3191 759 3274 aauumea

367 3388 651 3456 erubescentia:
682 3388 778 3460 Tert..
807 3390 906 3486 »Apu
930 3390 986 3453 ἦκα
1015 3390 1067 3473 (i),
1091 3392 1167 3476 Aug.
1191 3389 1224 3453 in
1245 3409 1292 3472 pe.
1318 3391 1361 3454 30

288 3529 391 3575 enarr.
414 3511 443 3590 2,
467 3513 496 3589 5,
520 3509 599 3593 Aug.
617 3508 659 3592 (i)
691 3508 733 3574 ud
755 3508 863 3573 fratrr.
888 3528 983 3573 erem.
1008 3529 1101 3573 serm.
1126 3511 1167 3572 ‘26
1196 3509 1361 3573 abscondit

288 3653 320 3694 ee
343 3676 350 3691 .
374 3680 392 3711 .,
416 3629 590 3718 quoderat
614 3630 737 3714 eiacum
760 3630 879 3695 delarue
903 3640 932 3692 et
954 3630 1189 3693 erubescentiae.

365 3833 603 3902 *eructatio
625 3837 745 3902 transi:
769 3834 870 3900 Hilur.
893 3834 925 3898 in
948 3856 994 3918 pe.
1011 3833 1061 3913 41,
1086 3836 1124 3898 12
1147 3857 1250 3900 omues
1274 3856 1361 3900 erue·

288 3957 422 4026 tationes
443 3957 633 4024 iudiciorum
652 3957 719 4020 Dei
737 3978 798 4041 per
820 3967 909 4020 uoce'e
928 3954 1158 4040 prophetarum
1181 3955 1359 4019 iuueuimue

288 4076 441 4142 cruciere.
487 4075 644 4141 Nimirum
667 4075 764 4142 etiam
791 4074 891 4140 uerba
914 4073 1051 4140 eructari
1079 4074 1099 4138 i.
1123 4071 1259 4156 proferri
1282 4073 1355 4138 ecel.

287 4195 432 4284 plerique
454 4215 569 4282 omues·
585 4195 743 4273 dictitant,
767 4215 793 4258 e.
815 4215 841 4258 e.
864 4193 949 4258 Hier.
967 4214 1015 4275 ep.
1034 4197 1083 4267 65,
1108 4197 1136 4271 7,
1160 4193 1249 4258 iuxta
1271 4199 1359 4260 uete-
