2970 4936
633 412 863 488 -416—

290 599 328 662 in
338 600 485 678 sullus,
509 617 561 662 us:
587 595 703 677 [Lacu]
717 619 814 663 carm.
828 597 868 663 de
884 619 969 682 pass.
983 598 1073 666 Dom.
1088 600 1142 681 33,
1158 601 1245 683 Aug.
1259 600 1305 684 (Ρ)

212 717 255 781 ad
279 717 388 804 frater.
411 739 507 784 ercm.
531 738 623 783 serm.
649 720 667 782 2
700 720 835 782 insultus
866 718 1048 784 daemonum
1081 732 1108 782 te
1138 720 1175 783 in
1207 720 1303 786 nullo

212 836 334 902 laedere
353 850 494 924 possunt,
518 838 548 917 8,
575 842 623 912 11,
650 839 697 902 17.

289 1071 306 1106 *
314 1070 528 1135 insumere:
551 1093 580 1154 q.
601 1092 662 1155 pro
685 1088 872 1168 consumere
895 1069 981 1135 Coel.
1002 1071 1087 1148 Aur„
1112 1071 1207 1136 (lass.
1227 1071 1298 1138 Fel.

211 1193 250 1254 47
274 1210 306 1273 p.
326 1191 381 1254 121
414 1213 451 1252 ne
473 1191 560 1253 uires
582 1190 702 1253 minuto
725 1191 915 1255 nutrimento
938 1192 1149 1270 insumantur,
1175 1229 1219 1238 -
1249 1198 1299 1257 at-

210 1330 273 1392 que
295 1310 341 1374 itu
363 1311 593 1394 *insumptio
617 1308 702 1374 Coel.
720 1309 804 1388 Aur„
828 1310 917 1374 Cass.
934 1309 999 1374 Fel.
1016 1311 1058 1374 49
1080 1330 1111 1391 p.
1131 1310 1195 1374 128
1223 1335 1296 1376 cnm

211 1438 305 1493 totius
329 1438 469 1515 corporis
492 1430 711 1516 irrumptione.

287 1669 641 1754 insuperabiliter:
667 1671 743 1752 Aug.
761 1690 840 1734 corr.
857 1675 889 1734 st
907 1675 986 1752 grat.
1004 1671 1053 1748 12,
1066 1668 1107 1733 38
1119 1667 1173 1747 al„
1192 1667 1296 1734 Chal·
1319 1687 1321 1690 ·

209 1787 270 1851 eid.
293 1787 326 1850 in
346 1786 424 1851 Tim.
442 1788 505 1851 310
528 1791 566 1871 (r.
584 1787 666 1876 ἃς.)

288 2027 1293 2132 mmmmmnmmwmmm

210 2172 262 2230 tus
286 2165 373 2230 uenit
394 2165 436 2229 ab
460 2188 566 2233 cremo
589 2167 636 2233 itu
658 2169 750 2234 fortis
774 2219 781 2232 .
806 2171 828 2251 .)
860 2178 904 2232 ita
933 2169 1087 2233 terribilis
1115 2183 1213 2257 alque
1245 2181 1292 2234 ia-

209 2287 446 2371 supportcbibis‚
471 2299 505 2349 ut
529 2335 536 2350 .
561 2336 568 2351 .
591 2287 720 2352 illideret
735 2313 802 2351 eam
817 2288 975 2373 (domum)
996 2312 1092 2373 super
1100 2291 1189 2376 filios
1208 2303 1290 2372 tuos,

209 2418 237 2468 et
264 2408 382 2470 mortui
410 2419 499 2486 sane,
534 2407 575 2488 Il,
598 2429 629 2490 p.
657 2410 716 2472 196
745 2431 849 2493 poena
873 2409 1154 2494 insupportabilr'e5
1177 2447 1224 2458 -
1248 2411 1290 2478 cf.

208 2524 496 2607 immm.

157 2765 1287 2868 mlwwmmmmmmmwnn

199 2902 290 2985 flant
311 2904 552 2968 insurrectiones
575 2904 712 2968 alibrum
736 2912 885 2969 aduersus
908 2913 997 2985 alios,
1021 2917 1050 2967 et
1069 2929 1142 2983 pens
1161 2923 1289 2991 pirenei

209 3021 365 3088 aduersus
386 3035 511 3102 pentem,
535 3025 574 3088 37
600 3026 840 3090 insurrectiones
861 3028 996 3103 centium
1011 3047 1103 3111 snper
1120 3037 1231 3108 pentes
1257 3041 1288 3092 et

207 3165 371 3220 reynerum
395 3150 549 3208 aduersus
571 3169 675 3226 repra,
706 3145 764 3229 »gl
787 3144 941 3234 Philoxn,
965 3144 1005 3211 al.
1037 3145 1124 3209 Casu
1146 3145 1214 3210 Fel.
1243 3151 1286 3213 76

207 3282 238 3343 p.
265 3262 324 3325 182
350 3263 536 3327 insurrectio
558 3265 681 3327 ueretris
709 3276 739 3328 et
766 3263 917 3329 distensio
941 3264 1215 3350 praecordiorum,
1241 3269 1285 3332 43

206 3381 248 3444 in.
273 3393 318 3445 est
340 3384 505 3468 spleneticc
530 3385 644 3468 passio
669 3385 812 3449 causatio
841 3387 875 3448 in
904 3392 1007 3470 splene
1030 3409 1106 3470 quae
1130 3387 1286 3464 eontinpit

207 3525 275 3564 eum
298 3503 531 3567 insurrectione.
559 3505 699 3586 sequitur
717 3506 870 3589 potientes
890 3505 1032 3568 enitentia
1046 3516 1074 3566 et
1089 3511 1178 3568 dolor
1194 3515 1285 3572 circa

206 3622 368 3686 sinistram
388 3621 649 3709 praecordiorum
670 3636 802 3708 partem.

284 3862 601 3947 insuspicabilis:
633 3862 725 3946 Vulg.
750 3863 858 3944 Sitne,
881 3863 977 3946 Zeno,
1000 3868 1082 3929 auci.
1106 3863 1221 3930 Zacoh.
1248 3875 1285 3935 ot

205 3980 309 4064 Apoll.
333 4001 418 4046 cone.
439 3980 496 4061 III,
520 3983 540 4047 8
562 3981 802 4068 insuspicabiles
824 3991 953 4069 sceptris
975 3985 1131 4048 iustarum
1154 3992 1283 4054 sedium

204 4102 364 4180 Aupustoe
387 4101 548 4187 depellunt,
572 4100 712 4166 Facund.
735 4099 854 4166 defens.
878 4102 915 4182 V,
939 4103 957 4165 ‘l
986 4103 1283 4190 iiliuse'nsuspica-

206 4221 274 4284 bilis
298 4221 506 4308 blasphemiae
530 4270 537 4284 .
562 4271 568 4284 .
595 4233 687 4286 testes.
795 4291 796 4296 .
