2970 4942
737 427 947 490 ..96-

385 611 649 695 commembris:
678 625 834 692 adaman.
861 648 891 690 u.
921 626 987 692 oa.
1011 629 1052 707 11,
1077 628 1118 692 ao
1150 629 1266 692 meaa
1300 649 1377 690 aa.

307 749 493 814 membribus
523 749 555 810 ia
579 746 723 832 periculo
754 747 930 810 constitutis
952 759 1050 810 memte
1078 748 1213 832 compoti
1234 745 1380 810 debemus

301 868 477 955 fratribus,
500 866 542 931 ib.
565 866 636 948 inf.;
660 865 699 932 of.
723 864 811 931 Paul.
829 863 901 930 Nol.
919 863 1181 933 ‘commembrata
1203 867 1235 932 in
1252 867 1380 936 Domini

308 1008 439 1072 corpore
461 986 537 1052 fidei
559 984 735 1069 compago’.

388 1175 711 1240 *commemorari
741 1195 802 1259 pro
835 1178 896 1238 aot.
928 1173 959 1238 S.
990 1173 1021 1240 S.
1052 1175 1153 1242 Exod.
1181 1177 1231 1255 23,
1258 1175 1296 1239 13
1325 1195 1377 1258 ap.

308 1295 391 1360 Tert.
414 1292 490 1359 idol.
514 1293 556 1356 20
584 1314 693 1357 momen
725 1293 858 1357 otiorum
888 1316 925 1356 ae
954 1297 1246 1376 commemoremini,
1279 1295 1377 1376 ming.

309 1433 412 1479 enarr.
435 1413 469 1477 in
491 1432 538 1496 ps.
562 1414 633 1490 54«,
664 1451 698 1461 —-
732 1412 845 1479 eadem
868 1413 1084 1497 deponentiali
1106 1414 1209 1481 forma
1230 1415 1251 1480 i.
1274 1433 1378 1480 recor·

220 1593 222 1598 ,
308 1532 378 1599 dari
402 1552 489 1614 saep.
511 1533 544 1596 in
567 1531 598 1596 S.
617 1531 659 1612 S„
682 1536 719 1596 ut
741 1531 819 1597 Gen.
846 1535 916 1608 nit,
939 1536 976 1598 9«
1002 1553 1054 1616 ap.
1078 1533 1156 1618 Aug.
1175 1531 1377 1600 ‘commemo-

308 1658 398 1717 ratus
421 1655 471 1716 est
493 1649 708 1726 somniorum',
731 1655 763 1715 et
786 1669 837 1734 ap.
862 1650 936 1716 eccl.
960 1651 1088 1716 Riinseh
1110 1672 1141 1734 p.
1160 1653 1232 1732 353,
1255 1653 1290 1716 it.
1312 1672 1378 1718 me·

307 1771 424 1836 morari
448 1791 474 1835 c.
496 1790 579 1853 gen,
602 1775 638 1834 ut
661 1768 795 1835 Celerin.
819 1790 871 1853 ap.
895 1770 989 1854 Cypr.
1013 1791 1062 1853 ep.
1087 1774 1136 1853 21,
1160 1773 1195 1835 2:
1219 1791 1379 1838 memora·

308 1894 451 1954 tussam
475 1889 621 1955 caritatis
643 1893 718 1954 tuae
742 1891 782 1973 (c.
807 1909 872 1954 aco.
894 1889 937 1955 ib.
964 1892 1005 1974 1).

327 2115 334 2130 ³
384 2076 706 2159 commemorasti&
734 2092 820 2159 Hier.
844 2093 876 2157 in
898 2093 1040 2160 Iahom.
1060 2097 1125 2175 5,2
1148 2097 1183 2160 ia
1205 2097 1257 2161 die
1280 2096 1378 2164 domi·

307 2215 388 2293 mica,
413 2235 492 2300 qaae
511 2213 675 2298 passionis
701 2211 821 2277 Christi
841 2216 1110 2280 commemoratria
1132 2227 1187 2281 est.

257 2478 260 2492 ,
386 2400 758 2466 commendaticiae:
781 2420 805 2465 s.
831 2400 1029 2485 (selitanae)
1053 2405 1176 2487 August
1197 2423 1249 2487 ap.
1266 2402 1378 2485 Maon,

308 2518 430 2584 Ennod.
448 2540 497 2603 ep.
514 2518 602 2597 VIII,
619 2521 659 2584 23
682 2518 886 2584 Eleutherias
908 2522 943 2583 ia
963 2521 1084 2607 nepotis
1105 2545 1161 2586 sao
1184 2572 1192 2586 .
1217 2571 1223 2586 .
1249 2523 1292 2589 od
1315 2549 1379 2588 am-

294 2637 497 2723 plitudinem
518 2652 658 2702 cestram
680 2663 701 2704 a
722 2661 771 2702 me
793 2638 1064 2705 commendaticias
1087 2643 1240 2726 sperauit.

386 2835 701 2898 *commentatam
723 2833 745 2897 i.
769 2834 932 2918 expositor
953 2834 1004 2900 uel
1026 2835 1256 2919 interpretator
1278 2837 1379 2919 Seru„

307 2953 404 3032 Hier.‚
428 2956 463 3017 ut
483 2950 556 3016 adu.
573 2949 678 3015 Rufin.
694 2951 719 3030 Ι,
732 2952 777 3038 Ἰ22
806 2955 1125 3018 commentatomsest
1147 2955 1279 3040 officiam
1301 2959 1378 3022 mal·
1473 2977 1474 2980 ’

309 3085 409 3136 toram
432 3071 603 3134 scotomiae
620 3091 739 3155 ponere
758 3117 769 3168 Ι.
793 3117 811 3150 .,
843 3070 973 3158 [Rufin]
996 3073 1030 3136 in
1053 3073 1118 3138 Ioel
1143 3078 1170 3153 1,
1198 3078 1210 3138 l
1248 3073 1379 3158 quidam

308 3201 560 3264 commentatores
588 3189 786 3275 etymolopias
816 3191 909 3254 etiam
933 3193 1091 3255 nomicum
1115 3194 1378 3277 praesentiscat,

307 3309 425 3390 Sidon,
449 3308 526 3376 Cod.
549 3308 626 3373 Iust.

382 3481 667 3563 00111122ῐὸ1ΐὶΧί
698 3497 791 3563 Aldh.
815 3503 935 3583 septen.
958 3519 989 3581 p.
1014 3500 1076 3563 216
1098 3497 1141 3563 Μ.

171 3716 210 3755 .·
268 3693 306 3734 ao
382 3668 671 3732 *commentum
701 3688 770 3751 pro
800 3668 1061 3734 commentarium
1087 3666 1151 3731 iam
1175 3662 1309 3744 Colum,
1339 3669 1378 3729 ut

304 3785 442 3864 uidetur,
456 3787 524 3865 VII,
541 3787 570 3866 5,
589 3787 627 3849 17
651 3785 755 3852 Boias
771 3786 964 3870 Mendesios,
989 3787 1077 3851 caius
1099 3795 1278 3864 commeato,
1299 3806 1398 3869 qaaeae
1465 3775 1468 3778 ’

307 3905 510 3992 appellaretur·
531 3927 642 3989 praece
665 3905 880 3993 ὑπομνήματα.

383 4092 680 4175 commigratio:
712 4092 798 4172 Sea,
835 4094 922 4159 Hier.
955 4092 1040 4177 Orig.
1070 4093 1104 4158 in
1134 4094 1246 4160 ierem.
1278 4093 1309 4157 h.
1340 4094 1379 4156 14

308 4211 423 4275 dimisi
441 4211 555 4290 Israel,
579 4223 608 4275 et
629 4210 747 4296 celipai
768 4214 890 4276 eumin
913 4213 1207 4297 commipratioaem.
