2970 4936
632 377 862 442 -424-

291 560 568 630 *interiectio:
598 569 621 628 t.
643 568 666 628 t.
689 583 821 646 gramm.
845 561 966 642 Quint,
995 563 1138 644 charin,
1172 566 1297 645 Diam,

214 683 300 750 Hier.
322 683 356 748 in
377 682 418 747 Ie.
443 680 501 746 XV
525 681 567 748 ad
590 685 639 760 54,
665 684 763 765 lsssq.
790 690 872 769 qnod
893 690 941 748 ael
962 686 1217 751 interiectionem
1242 710 1299 752 no-

215 806 315 869 centis
337 802 390 868 nel
409 824 469 867 nae
491 802 689 888 sipnifiaaret
711 801 763 884 nl,
786 804 876 885 Aug,
899 802 997 870 Prisc.

294 991 627 1055 interminabilis:
652 989 747 1070 Tert,
759 989 848 1056 Hier»
859 991 892 1055 in
904 991 1017 1057 Ean
1032 993 1074 1057 nd
1090 995 1144 1073 28,
1163 999 1205 1058 ll
1223 1015 1298 1078 sqq.

215 1109 463 1175 interminabiles
485 1109 682 1194 quaestiones
705 1107 756 1188 sl,
780 1107 876 1186 Solu,
900 1110 977 1191 Sid.,
1000 1111 1112 1179 Boeth.

292 1298 595 1362 interminatio:
619 1295 714 1381 Gypr.
737 1317 788 1382 ep.
811 1301 840 1381 4,
864 1301 885 1362 4
910 1301 948 1383 (r.
965 1299 1038 1385 (ig.)
1062 1308 1104 1363 ad
1128 1303 1299 1366 eeoksiam

216 1417 428 1484 admittantur
450 1417 508 1482 lae
530 1429 632 1482 tamen
660 1418 925 1500 interminatione,
956 1433 1006 1499 nt,
1037 1422 1066 1485 si
1090 1420 1137 1486 ad
1163 1429 1300 1488 eosdem

215 1536 373 1602 mascalas
396 1585 403 1600 .
429 1585 435 1601 .
459 1559 603 1602 reuersae
619 1537 757 1623 fuerint,
783 1586 789 1601 .
814 1586 822 1601 .
843 1541 993 1616 proniore
1015 1563 1147 1604 censura
1171 1542 1301 1605 eician-

202 1669 279 1749 tur,
304 1655 383 1722 Don.
407 1655 449 1720 sd
471 1655 551 1735 Ter,
575 1654 678 1722 Rnfin.
701 1655 787 1740 Orig.
810 1656 844 1722 in
865 1658 955 1723 Rom.
979 1658 1035 1738 IV,
1056 1663 1077 1724 4
1103 1666 1192 1725 natta
1217 1661 1298 1740 lepis

215 1777 470 1841 interminatione
493 1775 669 1850 deterritas,
692 1774 834 1841 Gannico.
858 1775 954 1842 Goen.
978 1777 1054 1843 lnet
1070 1778 1108 1858 X,
1132 1780 1183 1858 12,
1211 1779 1295 1845 cod.

217 1895 347 1978 Theod,
371 1895 514 1962 Cassiod.
539 1895 684 1980 (Epiph.)
707 1896 780 1962 hiet.
802 1898 877 1981 trip.
893 1896 948 1978 IV,
975 1901 1012 1963 16
1036 1897 1227 1981 (epistolam
1251 1949 1259 1963 .
1286 1949 1293 1964 .
1412 1902 1432 1933 ‘³

217 2017 319 2084 ironia
340 2015 479 2081 maxime
502 2014 643 2100 plenam)
674 2039 735 2080 non
763 2025 828 2081 sine
851 2019 1110 2082 interminationis
1133 2021 1294 2102 qualitate

219 2138 389 2225 confectam
413 2137 453 2202 al.

296 2313 572 2374 internatare:
597 2310 718 2390 Anien,
741 2311 839 2378 schol.
862 2312 979 2376 Lucan.
1004 2308 1061 2389 III,
1085 2309 1157 2375 574.

296 2481 565 2546 internecare:
594 2480 713 2560 Plaut,
744 2490 851 2547 trnsl.
879 2482 987 2547 Ambr.
1010 2481 1079 2548 Nos
1102 2484 1152 2561 15,
1177 2483 1295 2566 5521,

219 2601 312 2684 Egee.
335 2599 390 2681 IV,
415 2602 454 2664 17
478 2602 587 2683 (ests),
613 2601 725 2680 Amm,
749 2598 844 2666 Prnd.
1224 2601 1226 2606 ’

169 2816 220 2856 nen
297 2789 579 2853 internectere:
603 2745 707 2872 Vera,
732 2787 824 2869 Stat,
849 2788 941 2874 Eges.
965 2789 991 2868 Ι,
1013 2791 1063 2865 46,
1079 2789 1098 2851 2
1116 2810 1297 2873 purpurea

222 2906 365 2994 diploide,
382 2930 474 2992 qnam
488 2909 710 2972 internectebat
717 2909 832 2993 fibula,
849 2907 954 2980 Chalc.
968 2909 1001 2973 in
1014 2907 1091 2974 Tim.
1105 2910 1156 2990 40,
1171 2907 1296 2976 Boeth.

298 3093 570 3180 interpedire:
608 3098 687 3180 Aug.
717 3117 783 3163 uer.
807 3097 902 3182 -relig.
926 3100 966 3163 55
1004 3096 1102 3161 nullis
1135 3099 1295 3164 molestiis

220 3217 497 3301 interpedientibus
521 3217 573 3298 sl,
595 3218 692 3302 intpr.
716 3219 797 3283 Iren.
821 3219 916 3302 (DV),
940 3219 1038 3284 Macr.

298 3405 586 3492 interpolator:
620 3407 718 3485 Tert,
752 3407 839 3473 Hier.
852 3407 893 3490 (1)
926 3406 967 3472 ad
992 3393 1090 3470 amic.
1121 3425 1208 3487 eegr.
1239 3429 1293 3491 ep.

220 3524 260 3599 Π,
283 3524 324 3587 20
353 3548 415 3610 per
443 3527 629 3610 sapientiam
655 3526 779 3605 mnndi,
810 3550 873 3611 qna
902 3527 964 3618 sibi
989 3529 1123 3590 mandas
1153 3526 1296 3592 collusor

221 3645 461 3731 interpolatores
492 3649 547 3723 (sc.
578 3645 741 3722 ueritatiS,
774 3647 821 3710 uti
851 3645 949 3710 habet
978 3645 1077 3729 Tert.)
1110 3647 1292 3723 inuenerat,

221 3787 313 3828 snam
336 3765 421 3860 (Dei)
445 3767 635 3851 sapientiam
651 3765 756 3851 fnisse
781 3764 944 3830 desertam.

299 3953 618 4039 interpretator:
653 3952 747 4031 Terin,
775 3951 908 4033 Charin,
933 3954 1010 4038 Aug.
1035 3973 1126 4018 serm.
1154 3957 1214 4019 197
1240 3979 1294 4025 ex.

223 4073 261 4152 (r.
276 4070 360 4153 Gg.),
383 4071 477 4152 intpr.
495 4068 581 4155 Orig.
595 4073 629 4136 in
644 4070 793 4138 Manno
816 4073 984 4136 secundnm
1006 4074 1189 4136 intellectam
1213 4079 1294 4142 sim·

220 4191 318 4276 plicis
340 4192 601 4276 interpretatoris,
626 4190 712 4256 Saln.
