2970 4936
584 441 818 505 -381-

168 639 308 695 unionem
330 628 382 707 al.,
406 627 504 706 Hier„
527 625 631 691 Rufin.
656 625 741 706 Orig.
757 624 857 707 princ.
872 623 915 704 II,
939 625 968 698 3,
991 627 1011 686 4
1034 623 1235 687 indissimiles

168 750 230 813 sibi
252 773 288 812 ae
313 772 371 833 per
401 747 505 810 omnia
527 769 639 830 pares,
672 745 769 825 intpr.
792 743 892 821 Iron..
922 742 1067 815 Cassiod.
1091 741 1235 824 (Epiph.)

167 868 239 932 hist.
264 868 339 950 trip.
364 866 405 941 ΙΙ,
428 869 459 928 7.

246 1053 642 1119 indissimulabitis:
682 1051 958 1130 (unverkennbar,
983 1043 1236 1132 'nnabweislieh)

168 1173 259 1252 Geli,
283 1172 342 1236 Iul.
366 1193 418 1255 ap.
436 1176 514 1254 Aug.
536 1192 562 1234 e.
582 1190 642 1235 sec.
659 1191 742 1252 resp.
759 1170 817 1234 Iul.
833 1169 892 1250 Ι,1
920 1194 940 1232 a
963 1192 1022 1253 quo
1045 1192 1114 1232 sum
1136 1169 1237 1233 baete-

168 1317 226 1357 nns
248 1316 370 1355 munere
400 1293 497 1355 uaria
527 1302 555 1353 et
581 1289 841 1355 indissimulabili
859 1290 1036 1352 necessitate
1058 1311 1236 1372 suspensus,

168 1413 214 1476 ib.
236 1413 277 1475 98
301 1410 354 1494 (ei.
378 1430 448 1492 sup.
472 1431 519 1474 nr.
546 1410 651 1490 1537).

250 1596 624 1660 indissimulanter:
649 1596 756 1660 Faust.
780 1616 831 1677 ap.
849 1594 918 1676 Aug
948 1614 974 1658 a.
991 1595 1099 1658 Faust.
1115 1547 1233 1669 xvi]

172 1716 288 1799 (locum
311 1715 406 1779 indic.
431 1713 503 1795 Gg.)
533 1737 600 1777 earn
623 1713 728 1777 Iesum
754 1737 819 1776 esse
833 1714 946 1797 filium
966 1714 1031 1776 Dei
1052 1726 1171 1777 easerte
1194 1713 1239 1774 in·

172 1834 463 1918 dissimulanterque
497 1835 716 1918 confiterentur
747 1833 799 1916 (cf.
829 1833 870 1916 gl.
894 1833 993 1896 Plau:
1025 1838 1164 1910 exserte,
1193 1831 1239 1894 in·

174 1954 408 2017 dissimulanter
423 1959 519 2035 atque
535 1951 792 2033 ostentabiliter),
817 1953 880 2017 Leo
896 1952 939 2015 M.
953 1973 1001 2032 ep.
1018 1953 1077 2014 122
1101 1952 1239 2015 erebrius

169 2073 309 2160 principi
337 2071 463 2148 diqnare
497 2093 670 2149 suqqerere‚
703 2082 739 2134 ut
768 2069 1040 2133 indissimulanter
1070 2070 1239 2155 Aeqqptioe

173 2191 279 2253 rubeat
302 2191 464 2253 admoneri
485 2213 522 2251 ne
545 2237 553 2251 .
579 2237 596 2268 .,
622 2192 671 2267 16,
696 2193 724 2264 l,
747 2187 876 2271 Dionys,
899 2188 989 2270 Exig.

120 2408 171 2447 sero
251 2385 591 2447 indissociabilis:
625 2383 728 2460 Lact,
758 2383 843 2446 Hier.
867 2382 939 2446 Did.
969 2382 1044 2464 spir.
1075 2388 1173 2446 sanet.
1196 2385 1238 2448 40

173 2501 409 2565 indissociabilis
433 2513 526 2582 atque
549 2500 716 2562 indisereta
743 2500 906 2562 Trinitatis
923 2501 1110 2578 substantia,
1134 2502 1237 2566 Rufin.

175 2618 256 2701 orig.
276 2620 375 2700 prino.
392 2617 432 2696 11,
450 2622 479 2693 5,
496 2619 515 2681 3
532 2620 575 2700 (p.
592 2617 671 2698 ini),
692 2656 732 2664 -
755 2619 1118 2684 indissociabiliter
1133 2621 1237 2684 Rufin.

173 2735 193 2799 l.
212 2736 232 2799 l.
257 2738 290 2798 si
308 2735 580 2800 indissociabiliter
603 2736 742 2800 inbaeret
762 2743 812 2800 uel
832 2739 913 2802 malo
937 2738 1099 2802 iniustitia
1122 2740 1174 2803 uel
1195 2748 1239 2802 in·

172 2857 313 2918 iustitiae
345 2856 478 2933 malum,
512 2863 575 2917 sine
610 2854 702 2935 dubia
732 2870 760 2919 et
788 2858 884 2919 bonus
913 2857 1154 2923 indissociabilis
1182 2867 1240 2922 erit
1338 2883 1343 2890 ·

172 2975 253 3036 iusto
289 2987 317 3036 et
350 2975 450 3037 iustus
485 2973 578 3051 bono,
611 2973 654 3038 ib.
679 2977 750 3053 6‚3
781 2980 813 3039 et
839 2974 912 3042 fort.
936 2978 987 3057 al.,
1016 2999 1067 3041 an.
1089 2980 1122 3042 in
1145 2977 1239 3043 lobl

173 3114 205 3174 p.
229 3094 270 3157 48
299 3090 508 3176 indesinenter
537 3103 628 3176 atque
655 3094 933 3158 indissociabiliter
960 3104 1088 3159 adstant
1113 3099 1146 3159 in
1173 3119 1240 3159 eon·

173 3223 281 3296 speetu
303 3212 378 3290 Dei,
402 3210 446 3275 Ol.
472 3211 570 3276 Mam.
594 3233 644 3277 an.

253 3406 527 3488 indissociatns:
555 3445 646 3488 anon.
671 3425 704 3487 in
719 3424 807 3491 abl
830 3448 861 3509 p.
878 3429 919 3491 23
943 3429 1077 3510 (sepiem
1092 3426 1150 3491 loo
1169 3427 1239 3510 fini)

175 3555 324 3630 tanquam
346 3554 462 3626 septem
489 3544 552 3607 dies
580 3541 713 3606 indiuisi
741 3556 770 3607 et
799 3558 947 3629 tanquam
975 3545 1168 3609 bebdomada
1195 3547 1241 3608 in-

175 3661 344 3739 dissoainti‚
366 3661 408 3726 ib.
431 3661 496 3735 inf..
521 3660 568 3724 III
590 3683 622 3745 p.
639 3665 701 3725 214
730 3663 930 3746 (assederunt
951 3665 979 3728 ei
1003 3715 1010 3727 .
1035 3667 1057 3748 .)
1085 3664 1242 3728 indi'uulsi

175 3782 347 3864 inseparati
369 3792 460 3865 atque
481 3780 686 3844 indissooieti.

167 4021 170 4026 ι
253 3975 582 4040 indissolubilis:
622 3975 684 4040 cic.
713 3978 817 4056 unia,
851 3977 946 4057 Plin,
987 3978 1090 4056 Luat,
1125 3980 1239 4058 Amm.,

175 4090 273 4170 Hier„
296 4093 392 4176 intpr.
417 4093 501 4176 Orig.
525 4095 557 4157 in
580 4093 695 4158 Matth.
722 4097 782 4159 134
812 4104 999 4181 quaestionis
1022 4108 1077 4160 aut
1100 4095 1241 4180 dffjisiiis

176 4220 232 4271 aut
251 4208 337 4291 forte
361 4222 389 4273 et
411 4212 642 4292 indissolubilis,
665 4213 811 4277 Baehiar.
835 4213 876 4279 ad
899 4214 1026 4278 Ianuar.
1049 4219 1075 4294 l,
1099 4215 1239 4280 Chalcia.
