2970 4942
692 399 924 464 -162-

269 633 276 650 .
301 631 309 648 .
333 586 481 670 quoniam
503 585 593 672 apud
614 599 642 652 tc
665 600 711 652 est
727 586 808 674 fons
831 589 918 654 uitae
941 637 948 652 .
973 588 990 653 .’
1017 587 1139 654 debriat
1162 589 1272 654 etenim
1289 611 1346 654 nos

267 706 336 769 uita
353 705 502 790 potabili,
527 729 595 770 cum
620 705 715 772 bonae
738 707 988 772 conuersationis
1014 706 1158 771 studium
1181 706 1218 770 de
1241 707 1345 772 sacris

261 822 557 909 praedicationibus
580 824 790 904 hauserimus,
814 823 913 890 Beda.

345 993 520 1078 debullire
546 1010 665 1076 Rufin:
690 1012 717 1075 Α
739 1033 772 1096 p.
793 1014 848 1078 9⁶.

306 1180 507 1286 sderada:
531 1180 618 1246 Hier.
641 1180 673 1246 in
696 1181 792 1248 Zach.
815 1182 831 1245 Ι
854 1174 905 1247 ⁵ad
930 1186 956 1258 l,
981 1184 1084 1267 8sqq.
1114 1196 1230 1270 septem
1254 1181 1344 1249 deca·
1465 1213 1467 1218 ·

211 1383 215 1390 ι
267 1300 382 1390 darum
397 1324 555 1381 numerus,
571 1302 604 1366 in
615 1301 668 1366 Er.
681 1303 742 1368 XII
757 1303 800 1368 ad
817 1305 868 1384 41,
881 1304 992 1386 8sqq.,
1012 1301 1125 1381 Rufin,
1141 1302 1340 1386 intpr.1ren.

345 1469 579 1536 decaiuare:
610 1469 687 1555 Veg.
710 1494 741 1538 u.
765 1475 818 1557 (ΙΙ,
842 1474 893 1552 48,
917 1473 952 1538 3:
985 1471 1090 1538 locum
1113 1521 1121 1537 .
1145 1521 1152 1538 .
1178 1471 1339 1555 psilothro

267 1588 440 1673 decalues),
463 1589 548 1655 Hier.
566 1590 790 1677 (decaluetus),
808 1591 909 1676 Vulg,
933 1592 1008 1658 Isid.
1026 1591 1119 1675 alleg.
1137 1593 1187 1671 81,
1213 1629 1254 1640 -
1277 1591 1344 1656 de-

266 1710 445 1773 caluatio
468 1708 566 1790 Hier,
589 1709 658 1776 uita
679 1709 769 1793 Fulg.
792 1711 891 1794 Rusp.
912 1715 967 1776 11.
1056 1802 1059 1807 1

343 1876 562 1980 terensem
589 1896 687 1962 Marc.
712 1840 824 1979 smil.
846 1897 882 1962 A.

344 2064 556 2149 detullsti:
583 2083 676 2150 Thes.
700 2106 772 2151 non.
791 2085 846 2149 lat.
871 2105 902 2168 p.
924 2087 984 2149 167
1006 2085 1027 2150 i.
1042 2085 1165 2168 ,deceni
1187 2105 1276 2165 uxor,
1300 2085 1341 2151 ci.

265 2201 308 2267 ib.
333 2204 534 2290 equitissa
553 2224 585 2287 p.
604 2204 674 2282 185,
699 2204 890 2268 leuitissa
904 2225 936 2288 p.
953 2204 1025 2284 306,
1039 2209 1075 2312 et
1090 2203 1238 2268 fratrissa
1253 2203 1341 2288 Isid,

266 2322 480 2388 sacerdotissae
502 2321 600 2389 schol.
624 2321 698 2388 Luc.

345 2490 583 2558 decantatio:
607 2491 638 2558 S.
653 2491 685 2558 S.
701 2498 764 2558 net.
778 2513 802 2558 s.
821 2491 963 2574 (Rbnsch
977 2513 1008 2576 p.
1024 2493 1089 2575 71),
1102 2492 1189 2557 Hier.
1199 2494 1343 2579 (remens
1397 2565 1403 2570 ,

267 2611 466 2700 ἀδολεσχία),
500 2611 679 2692 »Cassian.‚
712 2612 874 2687 Genesi..
904 2611 1064 2678 Cassiod.«
1091 2611 1191 2696 (DV),
1223 2611 1341 2695 [Fulg.]

267 2750 363 2798 serm.
388 2732 428 2797 68
460 2730 543 2795 unde
573 2731 686 2796 eculeis
716 2732 858 2817 appositi
885 2754 954 2796 cum
982 2731 1108 2816 unpulis
1131 2731 1341 2812 sulcarentur,

235 2909 241 2920 .
268 2851 413 2934 aporiati
446 2849 717 2916 demutationibus
752 2849 890 2915 laborem
916 2849 1086 2935 faciebant
1119 2873 1187 2914 aum
1217 2848 1342 2936 pudore

268 2970 450 3036 tortoribus.

216 3179 268 3218 noo
342 3137 562 3240 decapillati
590 3155 808 3240 (ddcbeoeler):
836 3160 919 3222 auct.
944 3157 984 3222 de
1013 3157 1044 3224 S.
1068 3157 1137 3222 Hel.
1158 3159 1195 3222 21
1228 3181 1261 3222 se
1290 3156 1342 3222 de-

268 3276 421 3360 capillare
442 3276 603 3362 incipiens.

344 3445 604 3528 determinare:
632 3461 776 3528 cassiod.
800 3463 832 3526 in
855 3483 903 3545 ps.
922 3464 991 3543 130,
1016 3465 1044 3529 3.
1069 3467 1089 3529 4
1111 3463 1169 3527 ao
1190 3465 1240 3528 sss
1262 3465 1340 3531 aa

266 3583 357 3647 nobis
380 3583 547 3648 uerborum
563 3580 739 3669 faciendus
755 3595 809 3662 est,
833 3595 868 3644 ut
882 3604 995 3647 uersus
1011 3581 1105 3648 buius
1122 3583 1340 3650 decarminata

268 3705 421 3769 contentio
443 3704 516 3788 ipsa
538 3725 571 3766 se
592 3702 696 3789 moqis
716 3696 871 3787 'seponere
892 3699 1058 3766 uideatur:
1080 3704 1110 3766 si
1129 3725 1190 3767 non
1212 3702 1340 3767 bumili-

268 3835 315 3887 ter
337 3825 515 3904 sentiebam,
538 3825 621 3888 sicut
643 3822 821 3886 ablactatus
843 3844 939 3906 super
960 3835 1102 3900 matrem,
1126 3820 1183 3885 sed
1196 3825 1341 3888 enoltaue

269 3945 407 4008 carmem
421 3966 519 4008 meam
543 3949 664 4028 (textus
677 3945 755 4028 ipse,
777 3965 872 4028 quem
889 3963 1047 4026 exponere
1062 3943 1277 4028 praesumpsit
1293 3945 1339 4024 0,

267 4081 330 4128 non
354 4061 520 4130 demutato
545 4062 599 4130 uel
621 4063 839 4140 decarminata
862 4063 974 4130 ordine
996 4059 1183 4142 uerborum,
1213 4063 1259 4129 sic
1281 4063 1339 4130 ha·

267 4178 334 4247 bet:
369 4181 395 4245 si
424 4203 486 4248 non
519 4181 681 4248 humiliter
712 4183 907 4261 sentiebam,
943 4183 999 4247 sed
1027 4182 1167 4248 exaltasi
1196 4182 1337 4253 animam
