2970 4936
491 455 722 517 -371-

153 641 391 705 incrassare
415 639 635 722 (enpruisser):
667 637 697 702 S.
720 637 762 716 6.,
792 636 888 716 Tert.,
911 634 1030 714 Ambr,
1054 634 1143 699 Hier.
1248 712 1250 717 Ι

73 759 106 823 in
127 755 260 824 Misnl
289 759 332 824 ud
354 760 384 840 3,
409 763 423 822 l
456 761 657 823 satiaverunt
684 779 717 822 se
745 756 895 820 carnibus
918 767 946 818 et
967 755 1144 818 incrassati

75 891 148 944 sunt
172 884 205 943 et
227 899 326 962 saep„
349 879 452 943 Rufio.
471 878 557 961 Orig.
580 878 612 942 in
635 878 684 942 Pe.
708 879 748 942 38
770 876 802 940 h.
826 878 855 956 2,
879 877 898 940 8
922 874 972 949 nl..
995 874 1085 957 Aug„
1107 878 1144 938 ut

75 997 164 1062 Ocni.
189 999 259 1076 vll,
285 1002 312 1076 1,
337 1001 355 1061 2
380 1020 431 1074 epo
455 998 654 1061 incrassatus
677 995 778 1061 corde.

152 1169 454 1231 *incredulitas
484 1169 589 1230 cccl:
619 1164 814 1249 (quemadm.
840 1165 935 1246 1130)
958 1161 1043 1227 Tert.
1068 1161 1143 1226 adu.

15 1258 16 1268 .
74 1285 173 1351 Mera.
197 1285 222 1363 I,
248 1289 286 1348 12
310 1283 541 1350 incredulitatis
563 1307 643 1364 reos,
666 1285 739 1349 Zen.
761 1285 776 1348 I
799 1289 837 1348 tr.
857 1287 883 1361 1,
909 1287 921 1346 1
949 1281 1146 1346 Iudaeorum

73 1405 211 1490 populus
234 1403 391 1490 displicuit
412 1405 483 1468 Deo
503 1403 727 1482 incredulitate,
751 1403 835 1467 Hier.
852 1423 901 1484 ep.
921 1403 972 1478 36,
990 1404 1029 1466 16
1056 1399 1146 1465 Cleri·

77 1533 145 1587 stus
179 1521 372 1587 Iudaeorum
405 1525 621 1586 incredulitate
659 1522 837 1607 compulsus
866 1521 1081 1606 proficiscitur
1111 1519 1146 1582 in

79 1639 264 1720 (iniuideam,
294 1661 322 1705 a·
343 1639 450 1723 Peleg.
465 1643 512 1720 II,
537 1643 576 1705 14
605 1641 737 1705 Marcus
760 1640 872 1704 scribit
898 1646 937 1722 (e.
962 1641 996 1722 6)
1019 1646 1056 1701 de
1077 1638 1146 1702 Do·

76 1761 175 1824 mino:
211 1770 240 1821 et
267 1781 327 1822 non
353 1769 481 1844 poterat
509 1759 553 1822 ibi
577 1781 614 1821 ne
641 1782 737 1822 unam
759 1765 881 1845 quidem
899 1758 1013 1842 fucere
1041 1759 1146 1822 uirtu-

78 1891 160 1942 tem.
177 1925 195 1956 .,
219 1889 248 1941 ct
270 1876 493 1942 admirabatur
512 1889 645 1964 propter
666 1879 914 1942 incredulitatem
935 1898 1055 1943 eorum:
1078 1878 1147 1942 Do·

77 2005 179 2060 minus
208 1998 324 2060 dicitur
353 2019 415 2060 non
434 1998 579 2082 potuisse
605 1998 637 2060 in
659 1996 821 2064 Nazareth
843 2019 881 2060 ne
903 2020 998 2062 unum
1020 1995 1146 2083 quidem

70 2115 182 2201 fucere
204 2119 363 2193 uirtutem,
386 2127 414 2178 et
436 2115 633 2200 infidelitatis
649 2123 766 2180 alienae
781 2127 909 2200 stupore
924 2116 1077 2179 retinetur
1092 2114 1144 2194 eL,

78 2233 180 2297 Rufin.
206 2217 258 2296 Or.
281 2232 315 2297 in
338 2234 427 2298 Rom.
449 2232 489 2313 11,
515 2238 554 2298 14
575 2235 687 2298 barrem
707 2237 908 2299 incredulitas
929 2258 991 2298 non
1014 2245 1147 2298 euacuat
1189 2325 1192 2333 Ι

78 2353 171 2436 fidem
187 2353 249 2416 Dei
266 2355 310 2434 (p.
322 2350 392 2415 ini:
416 2352 490 2434 quia
511 2350 738 2416 infidelitas
761 2372 868 2417 eorum
891 2351 987 2417 iidem
1005 2351 1062 2416 Dei
1085 2373 1147 2416 non

80 2472 228 2553 eueouet)
253 2469 305 2550 al,
327 2469 425 2550 intpr.
448 2467 533 2551 Orig.
557 2469 589 2532 in
611 2469 725 2533 Matth.
742 2471 792 2546 27,
814 2470 937 2534 Paulin.
953 2469 1025 2535 Nol.
1051 2470 1146 2554 (DV),

82 2587 173 2654 Oros.
189 2587 264 2652 hist.
281 2589 350 2668 VII,
372 2589 422 2668 39,
447 2587 510 2662 all„
533 2587 802 2670 quemadmodum
825 2593 858 2654 et
880 2589 944 2653 ndi.
965 2590 1146 2655 ineredu-

78 2707 160 2786 lue‚
191 2711 227 2774 ut
256 2707 340 2772 Tert.
370 2728 431 2772 ree.
462 2727 547 2771 cern.
571 2708 612 2772 36
645 2709 776 2771 uirtutis
806 2709 870 2770 Dei
896 2709 1072 2774 incredulos
1096 2708 1146 2785 al„

79 2825 165 2891 Hier.
188 2827 222 2890 in
244 2827 283 2890 Ie.
308 2827 334 2890 V
358 2825 400 2898 ad
423 2829 474 2906 22,
500 2827 539 2890 10
569 2828 646 2910 quia
675 2850 794 2912 semper
814 2827 882 2890 Dei
901 2835 1077 2914 praeceptis
1101 2829 1148 2891 in·

36 3011 38 3015 ,
80 2942 202 3007 creduli
222 2943 353 3026 fuerint,
369 2943 459 3028 Vulg.
479 2943 674 3027 (incredulus
693 2969 801 3028 puss.
825 2945 916 3025 Gell.‚
939 2945 1043 3010 Rufin.
1059 2945 1146 3029 Orig.

81 3061 179 3142 princ.
204 3064 227 3138 1,
251 3063 281 3137 3,
306 3067 320 3125 l
350 3071 494 3149 momnis
516 3065 600 3138 satis
625 3063 680 3128 boo
701 3065 816 3128 mirum
839 3077 867 3129 ct
889 3065 1084 3130 incredulum
1110 3101 1145 3111 -

81 3178 102 3241 i.
124 3178 309 3244 incredibile
331 3218 371 3228 -
394 3181 543 3246 uideatur
563 3184 615 3262 iis,
641 3184 696 3267 qui
718 3231 725 3247 .
751 3185 783 3266 .).

160 3338 401 3422 increpatio:
431 3341 524 3422 Tert.,
554 3344 634 3408 Don.
658 3344 701 3408 ad
725 3344 807 3423 Ter,
837 3344 923 3409 Hier.
945 3344 979 3409 in
1007 3345 1048 3410 Is.
1070 3345 1148 3410 XIII

81 3457 125 3522 ed
146 3458 196 3536 50,
220 3459 239 3520 2
271 3465 313 3520 ud
335 3460 579 3546 increpationem
600 3463 732 3526 Domini
754 3461 910 3528 desertum
930 3465 975 3546 fit
996 3487 1092 3540 marc,
1114 3464 1147 3528 in

83 3576 196 3641 Ezech.
216 3579 240 3641 V
260 3577 305 3646 ,ad
331 3580 379 3658 16,
403 3580 443 3644 52
467 3579 630 3643 subiacere
652 3583 862 3666 increpationi
883 3581 934 3656 ul..
959 3581 1148 3667 Vulg.Sep.‚

81 3693 187 3758 Rufio:
207 3693 238 3758 h.
261 3699 379 3760 mon.l
405 3717 436 3779 p.
455 3698 514 3762 135
532 3696 583 3775 al.‚
609 3697 740 3783 [Rufio]
763 3698 880 3763 indm.
897 3701 912 3765 I
934 3699 1022 3776 adl,
1048 3705 1083 3765 ll
1102 3723 1148 3784 sq.

82 3810 133 3888 al„
156 3812 252 3902 intpr.
270 3813 354 3897 Orig.
376 3815 409 3878 in
431 3814 544 3879 Metth.
562 3817 611 3893 72,
635 3835 729 3880 enon.
751 3816 785 3880 in
806 3816 895 3882 IobI
917 3838 949 3900 p'.
966 3819 984 3883 5
1001 3818 1053 3894 al..
1070 3820 1149 3903 Aug.

160 3979 462 4064 increpatiuus:
489 3984 576 4048 Hier.
594 3981 636 4067 (l)
658 3985 692 4048 in
713 3983 771 4049 Iob
794 3986 834 4050 38
857 3985 899 4050 in.
929 4008 1065 4050 sermone
1089 3998 1150 4051 ter·

82 4096 176 4160 ribili
199 4108 230 4160 et
256 4099 459 4184 increpamus,
488 4103 586 4187 inipr.
610 4101 702 4180 iren..
730 4108 813 4166 auct.
837 4104 1001 4170 Praedeet.
1024 4105 1082 4181 ΙΙΙ,
1109 4109 1148 4170 14

82 4214 181 4282 uerba
202 4216 400 4304 increpatiuo
422 4227 511 4284 modo
536 4221 660 4298 lepcnda
683 4220 770 4306 (hab.
789 4221 870 4306 DV),
897 4261 933 4270 -
958 4232 1044 4288 adu.
1069 4226 1147 4311 Aug.

895 4341 947 4400 24*
