<?xml version="1.0" encoding="UTF-8"?>
<!DOCTYPE html PUBLIC "-//W3C//DTD XHTML 1.0 Transitional//EN"
    "http://www.w3.org/TR/xhtml1/DTD/xhtml1-transitional.dtd">
<html xmlns="http://www.w3.org/1999/xhtml" xml:lang="en" lang="en">
 <head>
  <title>
</title>
<meta http-equiv="Content-Type" content="text/html;charset=utf-8" />
  <meta name='ocr-system' content='tesseract 3.04.00' />
  <meta name='ocr-capabilities' content='ocr_page ocr_carea ocr_par ocr_line ocrx_word'/>
</head>
<body>
  <div class='ocr_page' id='page_1' title='image "./supplementumlex00paucgoog_0153.png"; bbox 0 0 2970 4942; ppageno 0'>
   <div class='ocr_carea' id='block_1_1' title="bbox 698 428 920 490">
    <p class='ocr_par' dir='ltr' id='par_1_1' title="bbox 698 428 920 490">
     <span class='ocr_line' id='line_1_1' title="bbox 698 428 920 490; baseline 0 0"><span class='ocrx_word' id='word_1_1' title='bbox 698 428 920 490; x_wconf 84' lang='lat'>-146-</span> 
     </span>
    </p>
   </div>
   <div class='ocr_carea' id='block_1_2' title="bbox 230 611 1352 835">
    <p class='ocr_par' dir='ltr' id='par_1_2' title="bbox 230 611 1352 835">
     <span class='ocr_line' id='line_1_2' title="bbox 230 611 1352 712; baseline 0.004 -23"><span class='ocrx_word' id='word_1_2' title='bbox 230 611 1352 712; x_wconf 57' lang='lat' dir='ltr'><em>1nmmmmmmmmmmmmc</em></span> 
     </span>
     <span class='ocr_line' id='line_1_3' title="bbox 282 743 1350 835; baseline 0.006 -27"><span class='ocrx_word' id='word_1_3' title='bbox 282 743 358 809; x_wconf 86' lang='lat' dir='ltr'><em>liam</em></span> <span class='ocrx_word' id='word_1_4' title='bbox 378 743 611 830; x_wconf 81' lang='lat' dir='ltr'><em>patiendorum,</em></span> <span class='ocrx_word' id='word_1_5' title='bbox 641 746 781 811; x_wconf 78' lang='lat' dir='ltr'><strong><em>mercede</em></strong></span> <span class='ocrx_word' id='word_1_6' title='bbox 803 761 986 834; x_wconf 81' lang='lat' dir='ltr'><em>stuprorum</em></span> <span class='ocrx_word' id='word_1_7' title='bbox 1010 753 1049 835; x_wconf 90' lang='lat' dir='ltr'><em>(r.</em></span> <span class='ocrx_word' id='word_1_8' title='bbox 1072 751 1160 835; x_wconf 58' lang='lat' dir='ltr'><em>(ip),</em></span> <span class='ocrx_word' id='word_1_9' title='bbox 1192 749 1251 834; x_wconf 75' lang='lat' dir='ltr'><em>rgl.</em></span> <span class='ocrx_word' id='word_1_10' title='bbox 1275 749 1350 834; x_wconf 84' lang='lat' dir='ltr'><em>Gyr.</em></span> 
     </span>
    </p>
   </div>
   <div class='ocr_carea' id='block_1_3' title="bbox 280 862 1045 950">
    <p class='ocr_par' dir='ltr' id='par_1_3' title="bbox 280 862 1045 950">
     <span class='ocr_line' id='line_1_4' title="bbox 280 862 1045 950; baseline 0.01 -24"><span class='ocrx_word' id='word_1_11' title='bbox 280 862 407 943; x_wconf 82' lang='grc' dir='ltr'>παστός,</span> <span class='ocrx_word' id='word_1_12' title='bbox 430 863 478 928; x_wconf 78' lang='grc' dir='ltr'><em>ἐπὶ</em></span> <span class='ocrx_word' id='word_1_13' title='bbox 500 865 633 950; x_wconf 78' lang='grc' dir='ltr'><em>νύμφης,</em></span> <span class='ocrx_word' id='word_1_14' title='bbox 656 867 831 950; x_wconf 88' lang='lat' dir='ltr'><em>coronatio,</em></span> <span class='ocrx_word' id='word_1_15' title='bbox 853 867 1045 934; x_wconf 78' lang='lat' dir='ltr'><strong>thalamus«.</strong></span> 
     </span>
    </p>
   </div>
   <div class='ocr_carea' id='block_1_4' title="bbox 276 1067 1352 1388">
    <p class='ocr_par' dir='ltr' id='par_1_4' title="bbox 276 1067 1352 1388">
     <span class='ocr_line' id='line_1_5' title="bbox 358 1067 1350 1153; baseline 0.006 -23"><span class='ocrx_word' id='word_1_16' title='bbox 358 1079 580 1133; x_wconf 75' lang='lat' dir='ltr'><em>coronator:</em></span> <span class='ocrx_word' id='word_1_17' title='bbox 605 1067 685 1152; x_wconf 78' lang='lat' dir='ltr'><em>Aug.</em></span> <span class='ocrx_word' id='word_1_18' title='bbox 706 1069 740 1134; x_wconf 92' lang='lat' dir='ltr'><em>in</em></span> <span class='ocrx_word' id='word_1_19' title='bbox 762 1090 809 1152; x_wconf 89' lang='lat' dir='ltr'><em>ps.</em></span> <span class='ocrx_word' id='word_1_20' title='bbox 836 1069 1031 1151; x_wconf 81' lang='lat' dir='ltr'><em>134,11al.,</em></span> <span class='ocrx_word' id='word_1_21' title='bbox 1056 1070 1170 1153; x_wconf 63' lang='lat' dir='ltr'><em>[Fata]</em></span> <span class='ocrx_word' id='word_1_22' title='bbox 1194 1091 1291 1136; x_wconf 87' lang='lat' dir='ltr'><em>serm.</em></span> <span class='ocrx_word' id='word_1_23' title='bbox 1309 1074 1350 1136; x_wconf 80' lang='lat'><em>17</em></span> 
     </span>
     <span class='ocr_line' id='line_1_6' title="bbox 281 1182 1352 1269; baseline 0.005 -22"><span class='ocrx_word' id='word_1_24' title='bbox 281 1182 374 1248; x_wconf 87' lang='lat' dir='ltr'><em>donec</em></span> <span class='ocrx_word' id='word_1_25' title='bbox 403 1207 494 1250; x_wconf 87' lang='lat' dir='ltr'><em>snam</em></span> <span class='ocrx_word' id='word_1_26' title='bbox 524 1199 660 1250; x_wconf 91' lang='lat' dir='ltr'><em>cerneret</em></span> <span class='ocrx_word' id='word_1_27' title='bbox 690 1200 918 1266; x_wconf 76' lang='lat' dir='ltr'><em>coronatorem,</em></span> <span class='ocrx_word' id='word_1_28' title='bbox 946 1187 988 1252; x_wconf 93' lang='lat' dir='ltr'><em>ib.</em></span> <span class='ocrx_word' id='word_1_29' title='bbox 1011 1187 1080 1269; x_wconf 81' lang='lat' dir='ltr'><em>int,</em></span> <span class='ocrx_word' id='word_1_30' title='bbox 1111 1209 1137 1254; x_wconf 92' lang='lat' dir='ltr'><em>s.</em></span> <span class='ocrx_word' id='word_1_31' title='bbox 1161 1191 1202 1253; x_wconf 82' lang='lat'><em>70</em></span> <span class='ocrx_word' id='word_1_32' title='bbox 1235 1188 1352 1253; x_wconf 87' lang='lat' dir='ltr'><em>aderat</em></span> 
     </span>
     <span class='ocr_line' id='line_1_7' title="bbox 276 1304 786 1388; baseline 0.004 -20"><span class='ocrx_word' id='word_1_33' title='bbox 276 1304 450 1388; x_wconf 88' lang='lat' dir='ltr'><em>patientiae</em></span> <span class='ocrx_word' id='word_1_34' title='bbox 472 1315 646 1385; x_wconf 80' lang='lat' dir='ltr'><em>coronator,</em></span> <span class='ocrx_word' id='word_1_35' title='bbox 669 1305 712 1371; x_wconf 89' lang='lat' dir='ltr'><em>ib.</em></span> <span class='ocrx_word' id='word_1_36' title='bbox 731 1304 786 1370; x_wconf 85' lang='lat' dir='ltr'><em>inf.</em></span> 
     </span>
    </p>
   </div>
   <div class='ocr_carea' id='block_1_5' title="bbox 280 1488 1353 1810">
    <p class='ocr_par' dir='ltr' id='par_1_5' title="bbox 280 1488 1353 1810">
     <span class='ocr_line' id='line_1_8' title="bbox 356 1488 1353 1572; baseline 0.005 -19"><span class='ocrx_word' id='word_1_37' title='bbox 356 1488 600 1572; x_wconf 85' lang='lat' dir='ltr'><em>corporalis:</em></span> <span class='ocrx_word' id='word_1_38' title='bbox 624 1491 714 1555; x_wconf 86' lang='lat' dir='ltr'><em>trnol.</em></span> <span class='ocrx_word' id='word_1_39' title='bbox 738 1504 767 1555; x_wconf 88' lang='lat' dir='ltr'><em>et</em></span> <span class='ocrx_word' id='word_1_40' title='bbox 788 1515 813 1557; x_wconf 83' lang='lat' dir='ltr'><em>o.</em></span> <span class='ocrx_word' id='word_1_41' title='bbox 837 1491 883 1556; x_wconf 86' lang='lat' dir='ltr'><em>Gi.</em></span> <span class='ocrx_word' id='word_1_42' title='bbox 904 1491 998 1558; x_wconf 88' lang='lat' dir='ltr'><em>Mam.</em></span> <span class='ocrx_word' id='word_1_43' title='bbox 1016 1511 1067 1556; x_wconf 85' lang='lat' dir='ltr'><em>an.</em></span> <span class='ocrx_word' id='word_1_44' title='bbox 1085 1493 1123 1571; x_wconf 90' lang='grc' dir='ltr'><em>ΙΙ,</em></span> <span class='ocrx_word' id='word_1_45' title='bbox 1148 1494 1184 1556; x_wconf 95' lang='lat' dir='ltr'><em>ll</em></span> <span class='ocrx_word' id='word_1_46' title='bbox 1203 1512 1227 1556; x_wconf 92' lang='lat' dir='ltr'><em>s.</em></span> <span class='ocrx_word' id='word_1_47' title='bbox 1243 1490 1265 1557; x_wconf 85' lang='lat' dir='ltr'><em>f.</em></span> <span class='ocrx_word' id='word_1_48' title='bbox 1292 1504 1353 1558; x_wconf 86' lang='lat' dir='ltr'><em>ant</em></span> 
     </span>
     <span class='ocr_line' id='line_1_9' title="bbox 280 1607 1348 1695; baseline 0.005 -26"><span class='ocrx_word' id='word_1_49' title='bbox 280 1609 459 1692; x_wconf 69' lang='lat' dir='ltr'><em>corporales</em></span> <span class='ocrx_word' id='word_1_50' title='bbox 481 1607 560 1673; x_wconf 83' lang='lat' dir='ltr'><em>istos</em></span> <span class='ocrx_word' id='word_1_51' title='bbox 582 1607 620 1671; x_wconf 84' lang='lat' dir='ltr'><em>de</em></span> <span class='ocrx_word' id='word_1_52' title='bbox 639 1609 764 1674; x_wconf 80' lang='lat' dir='ltr'><em>anemae</em></span> <span class='ocrx_word' id='word_1_53' title='bbox 784 1609 1042 1695; x_wconf 76' lang='lat' dir='ltr'><em>incorporalitate</em></span> <span class='ocrx_word' id='word_1_54' title='bbox 1064 1609 1228 1690; x_wconf 86' lang='lat' dir='ltr'><em>connineia,</em></span> <span class='ocrx_word' id='word_1_55' title='bbox 1254 1611 1304 1689; x_wconf 80' lang='lat'><em>12,</em></span> <span class='ocrx_word' id='word_1_56' title='bbox 1331 1615 1348 1674; x_wconf 96' lang='lat' dir='ltr'><em>l</em></span> 
     </span>
     <span class='ocr_line' id='line_1_10' title="bbox 280 1729 422 1810; baseline 0.007 -19"><span class='ocrx_word' id='word_1_57' title='bbox 280 1729 313 1791; x_wconf 85' lang='lat' dir='ltr'><em>et</em></span> <span class='ocrx_word' id='word_1_58' title='bbox 334 1745 422 1810; x_wconf 85' lang='lat' dir='ltr'><strong><em>saep.</em></strong></span> 
     </span>
    </p>
   </div>
   <div class='ocr_carea' id='block_1_6' title="bbox 280 1895 1352 2100">
    <p class='ocr_par' dir='ltr' id='par_1_6' title="bbox 280 1895 1352 2100">
     <span class='ocr_line' id='line_1_11' title="bbox 358 1895 1352 1980; baseline 0.006 -24"><span class='ocrx_word' id='word_1_59' title='bbox 358 1896 646 1980; x_wconf 87' lang='lat' dir='ltr'><em>corporalitas:</em></span> <span class='ocrx_word' id='word_1_60' title='bbox 670 1895 766 1978; x_wconf 76' lang='lat' dir='ltr'><em>Tsrt,</em></span> <span class='ocrx_word' id='word_1_61' title='bbox 790 1896 891 1964; x_wconf 83' lang='lat' dir='ltr'><em>Hilar.</em></span> <span class='ocrx_word' id='word_1_62' title='bbox 913 1895 946 1960; x_wconf 89' lang='lat' dir='ltr'><em>in</em></span> <span class='ocrx_word' id='word_1_63' title='bbox 970 1895 1085 1962; x_wconf 81' lang='lat' dir='ltr'><em>Matth.</em></span> <span class='ocrx_word' id='word_1_64' title='bbox 1108 1897 1138 1975; x_wconf 83' lang='lat'><em>3,</em></span> <span class='ocrx_word' id='word_1_65' title='bbox 1164 1898 1204 1961; x_wconf 87' lang='lat'><em>14</em></span> <span class='ocrx_word' id='word_1_66' title='bbox 1228 1897 1352 1962; x_wconf 80' lang='lat' dir='ltr'><em>natiui-</em></span> 
     </span>
     <span class='ocr_line' id='line_1_12' title="bbox 280 2013 1349 2100; baseline 0.005 -24"><span class='ocrx_word' id='word_1_67' title='bbox 280 2024 373 2076; x_wconf 90' lang='lat' dir='ltr'><em>tatem</em></span> <span class='ocrx_word' id='word_1_68' title='bbox 395 2013 524 2078; x_wconf 88' lang='lat' dir='ltr'><em>Domini</em></span> <span class='ocrx_word' id='word_1_69' title='bbox 543 2015 643 2078; x_wconf 88' lang='lat' dir='ltr'><em>nostri</em></span> <span class='ocrx_word' id='word_1_70' title='bbox 711 2026 740 2078; x_wconf 87' lang='lat' dir='ltr'><em>et</em></span> <span class='ocrx_word' id='word_1_71' title='bbox 760 2013 1015 2100; x_wconf 77' lang='lat' dir='ltr'><em>corporalitatem</em></span> <span class='ocrx_word' id='word_1_72' title='bbox 1037 2026 1066 2077; x_wconf 86' lang='lat' dir='ltr'><em>at</em></span> <span class='ocrx_word' id='word_1_73' title='bbox 1083 2015 1277 2098; x_wconf 80' lang='lat' dir='ltr'><em>paccionem,</em></span> <span class='ocrx_word' id='word_1_74' title='bbox 1299 2013 1349 2081; x_wconf 82' lang='lat' dir='ltr'><em>Ol.</em></span> 
     </span>
    </p>
   </div>
   <div class='ocr_carea' id='block_1_7' title="bbox 278 2130 1347 2216">
    <p class='ocr_par' dir='ltr' id='par_1_7' title="bbox 278 2130 1347 2216">
     <span class='ocr_line' id='line_1_13' title="bbox 278 2130 1347 2216; baseline 0.001 -21"><span class='ocrx_word' id='word_1_75' title='bbox 278 2131 373 2198; x_wconf 91' lang='lat' dir='ltr'><em>Mam.</em></span> <span class='ocrx_word' id='word_1_76' title='bbox 391 2153 441 2198; x_wconf 90' lang='lat' dir='ltr'><em>an.</em></span> <span class='ocrx_word' id='word_1_77' title='bbox 458 2134 513 2214; x_wconf 89' lang='lat' dir='ltr'><em>III,</em></span> <span class='ocrx_word' id='word_1_78' title='bbox 532 2133 615 2214; x_wconf 79' lang='lat'><em>11,2</em></span> <span class='ocrx_word' id='word_1_79' title='bbox 638 2131 690 2212; x_wconf 86' lang='lat' dir='ltr'><em>al,</em></span> <span class='ocrx_word' id='word_1_80' title='bbox 713 2130 854 2197; x_wconf 80' lang='lat' dir='ltr'><em>Cassiod.</em></span> <span class='ocrx_word' id='word_1_81' title='bbox 869 2133 951 2196; x_wconf 74' lang='lat' dir='ltr'><em>aad</em></span> <span class='ocrx_word' id='word_1_82' title='bbox 972 2152 1004 2216; x_wconf 88' lang='lat' dir='ltr'><em>p.</em></span> <span class='ocrx_word' id='word_1_83' title='bbox 1021 2133 1083 2196; x_wconf 81' lang='lat'><em>629</em></span> <span class='ocrx_word' id='word_1_84' title='bbox 1105 2131 1215 2213; x_wconf 83' lang='lat' dir='ltr'><em>Garat,</em></span> <span class='ocrx_word' id='word_1_85' title='bbox 1231 2131 1347 2198; x_wconf 88' lang='lat' dir='ltr'><em>Bosth.</em></span> 
     </span>
    </p>
   </div>
   <div class='ocr_carea' id='block_1_8' title="bbox 281 2333 1346 2540">
    <p class='ocr_par' dir='ltr' id='par_1_8' title="bbox 281 2333 1346 2540">
     <span class='ocr_line' id='line_1_14' title="bbox 358 2333 1346 2422; baseline 0.002 -24"><span class='ocrx_word' id='word_1_86' title='bbox 358 2358 647 2422; x_wconf 81' lang='lat' dir='ltr'><em>corporascere:</em></span> <span class='ocrx_word' id='word_1_87' title='bbox 670 2336 748 2420; x_wconf 80' lang='lat' dir='ltr'><em>Aug.</em></span> <span class='ocrx_word' id='word_1_88' title='bbox 765 2334 843 2400; x_wconf 85' lang='lat' dir='ltr'><em>Gon.</em></span> <span class='ocrx_word' id='word_1_89' title='bbox 866 2333 909 2399; x_wconf 81' lang='lat' dir='ltr'><em>ad</em></span> <span class='ocrx_word' id='word_1_90' title='bbox 928 2333 974 2400; x_wconf 83' lang='lat' dir='ltr'><em>lit.</em></span> <span class='ocrx_word' id='word_1_91' title='bbox 992 2336 1030 2414; x_wconf 93' lang='lat'><em>11,</em></span> <span class='ocrx_word' id='word_1_92' title='bbox 1050 2334 1088 2399; x_wconf 87' lang='lat'><em>13</em></span> <span class='ocrx_word' id='word_1_93' title='bbox 1105 2334 1230 2419; x_wconf 82' lang='lat' dir='ltr'><em>(globus</em></span> <span class='ocrx_word' id='word_1_94' title='bbox 1246 2335 1346 2418; x_wconf 84' lang='lat' dir='ltr'><em>aeris)</em></span> 
     </span>
     <span class='ocr_line' id='line_1_15' title="bbox 281 2451 1184 2540; baseline 0 -24"><span class='ocrx_word' id='word_1_95' title='bbox 281 2453 533 2520; x_wconf 78' lang='lat' dir='ltr'><em>endalationilms</em></span> <span class='ocrx_word' id='word_1_96' title='bbox 556 2455 696 2520; x_wconf 77' lang='lat' dir='ltr'><em>humidis</em></span> <span class='ocrx_word' id='word_1_97' title='bbox 719 2455 921 2540; x_wconf 83' lang='lat' dir='ltr'><em>corporascit,</em></span> <span class='ocrx_word' id='word_1_98' title='bbox 945 2451 990 2518; x_wconf 88' lang='lat' dir='ltr'><em>cl.</em></span> <span class='ocrx_word' id='word_1_99' title='bbox 1014 2452 1108 2518; x_wconf 87' lang='lat' dir='ltr'><em>Mam.</em></span> <span class='ocrx_word' id='word_1_100' title='bbox 1133 2473 1184 2518; x_wconf 92' lang='lat' dir='ltr'><em>an.</em></span> 
     </span>
    </p>
   </div>
   <div class='ocr_carea' id='block_1_9' title="bbox 279 2653 1381 3689">
    <p class='ocr_par' dir='ltr' id='par_1_9' title="bbox 279 2653 1381 3689">
     <span class='ocr_line' id='line_1_16' title="bbox 359 2653 1347 2744; baseline 0.002 -25"><span class='ocrx_word' id='word_1_101' title='bbox 359 2660 600 2744; x_wconf 88' lang='lat' dir='ltr'><em>corporatio:</em></span> <span class='ocrx_word' id='word_1_102' title='bbox 633 2658 718 2724; x_wconf 86' lang='lat' dir='ltr'><em>Tert.</em></span> <span class='ocrx_word' id='word_1_103' title='bbox 749 2660 848 2742; x_wconf 89' lang='lat' dir='ltr'><em>(carn.</em></span> <span class='ocrx_word' id='word_1_104' title='bbox 878 2657 951 2724; x_wconf 82' lang='lat' dir='ltr'><em>Chr.</em></span> <span class='ocrx_word' id='word_1_105' title='bbox 975 2660 995 2722; x_wconf 84' lang='grc'>4</span> <span class='ocrx_word' id='word_1_106' title='bbox 1023 2655 1062 2722; x_wconf 76' lang='lat' dir='ltr'><em>‘si</em></span> <span class='ocrx_word' id='word_1_107' title='bbox 1091 2653 1193 2739; x_wconf 83' lang='lat' dir='ltr'><em>neque</em></span> <span class='ocrx_word' id='word_1_108' title='bbox 1220 2659 1257 2721; x_wconf 87' lang='lat' dir='ltr'><em>ut</em></span> <span class='ocrx_word' id='word_1_109' title='bbox 1286 2655 1347 2721; x_wconf 91' lang='lat' dir='ltr'><em>im-</em></span> 
     </span>
     <span class='ocr_line' id='line_1_17' title="bbox 280 2773 1381 2859; baseline 0.002 -21"><span class='ocrx_word' id='word_1_110' title='bbox 280 2773 462 2856; x_wconf 85' lang='lat' dir='ltr'><em>possibilem</em></span> <span class='ocrx_word' id='word_1_111' title='bbox 484 2795 588 2858; x_wconf 89' lang='lat' dir='ltr'><em>nequa</em></span> <span class='ocrx_word' id='word_1_112' title='bbox 609 2779 646 2841; x_wconf 89' lang='lat' dir='ltr'><em>ut</em></span> <span class='ocrx_word' id='word_1_113' title='bbox 667 2774 878 2859; x_wconf 85' lang='lat' dir='ltr'><em>periculosam</em></span> <span class='ocrx_word' id='word_1_114' title='bbox 893 2775 961 2841; x_wconf 87' lang='lat' dir='ltr'><em>Deo</em></span> <span class='ocrx_word' id='word_1_115' title='bbox 979 2773 1131 2857; x_wconf 82' lang='lat' dir='ltr'><em>repudias</em></span> <span class='ocrx_word' id='word_1_116' title='bbox 1147 2775 1346 2858; x_wconf 87' lang='lat' dir='ltr'><em>corporatio-</em></span> <span class='ocrx_word' id='word_1_117' title='bbox 1380 2805 1381 2808; x_wconf 38' lang='lat'>¹</span> 
     </span>
     <span class='ocr_line' id='line_1_18' title="bbox 280 2889 1345 2976; baseline 0.004 -22"><span class='ocrx_word' id='word_1_118' title='bbox 280 2890 412 2956; x_wconf 90' lang='lat' dir='ltr'><em>tionem&#39;</em></span> <span class='ocrx_word' id='word_1_119' title='bbox 446 2892 476 2957; x_wconf 96' lang='lat' dir='ltr'><em>h.</em></span> <span class='ocrx_word' id='word_1_120' title='bbox 511 2914 538 2956; x_wconf 87' lang='lat' dir='ltr'><em>a.</em></span> <span class='ocrx_word' id='word_1_121' title='bbox 573 2893 876 2976; x_wconf 74' lang='lat' dir='ltr'><em>incorporationem,</em></span> <span class='ocrx_word' id='word_1_122' title='bbox 899 2889 1192 2974; x_wconf 74' lang='lat' dir='ltr'><em>incarnationem),</em></span> <span class='ocrx_word' id='word_1_123' title='bbox 1232 2892 1345 2972; x_wconf 79' lang='lat' dir='ltr'><em>Hilar,</em></span> 
     </span>
     <span class='ocr_line' id='line_1_19' title="bbox 279 3009 1347 3098; baseline 0.003 -24"><span class='ocrx_word' id='word_1_124' title='bbox 279 3009 420 3093; x_wconf 81' lang='lat' dir='ltr'><em>Hier.(?)</em></span> <span class='ocrx_word' id='word_1_125' title='bbox 443 3010 545 3092; x_wconf 83' lang='lat' dir='ltr'><em>inps.</em></span> <span class='ocrx_word' id='word_1_126' title='bbox 569 3011 609 3074; x_wconf 88' lang='grc'><em>33</em></span> <span class='ocrx_word' id='word_1_127' title='bbox 640 3033 720 3098; x_wconf 82' lang='lat' dir='ltr'><em>qaae</em></span> <span class='ocrx_word' id='word_1_128' title='bbox 748 3010 786 3074; x_wconf 84' lang='lat' dir='ltr'><em>tle</em></span> <span class='ocrx_word' id='word_1_129' title='bbox 814 3012 961 3091; x_wconf 71' lang='lat' dir='ltr'><em>auritas,</em></span> <span class='ocrx_word' id='word_1_130' title='bbox 990 3010 1088 3075; x_wconf 86' lang='lat' dir='ltr'><em>coalia</em></span> <span class='ocrx_word' id='word_1_131' title='bbox 1112 3034 1150 3075; x_wconf 90' lang='lat' dir='ltr'><em>ac</em></span> <span class='ocrx_word' id='word_1_132' title='bbox 1179 3010 1217 3074; x_wconf 86' lang='lat' dir='ltr'><em>de</em></span> <span class='ocrx_word' id='word_1_133' title='bbox 1245 3014 1347 3077; x_wconf 65' lang='lat' dir='ltr'><em>aalma</em></span> 
     </span>
     <span class='ocr_line' id='line_1_20' title="bbox 281 3127 1348 3214; baseline 0.003 -22"><span class='ocrx_word' id='word_1_134' title='bbox 281 3129 439 3208; x_wconf 85' lang='lat' dir='ltr'><em>dicantar,</em></span> <span class='ocrx_word' id='word_1_135' title='bbox 465 3152 525 3193; x_wconf 93' lang='lat' dir='ltr'><em>non</em></span> <span class='ocrx_word' id='word_1_136' title='bbox 549 3127 592 3192; x_wconf 92' lang='lat' dir='ltr'><em>ool</em></span> <span class='ocrx_word' id='word_1_137' title='bbox 614 3130 861 3214; x_wconf 88' lang='lat' dir='ltr'><em>corporationem</em></span> <span class='ocrx_word' id='word_1_138' title='bbox 884 3127 949 3211; x_wconf 76' lang='lat' dir='ltr'><em>(hic</em></span> <span class='ocrx_word' id='word_1_139' title='bbox 971 3128 1099 3210; x_wconf 83' lang='lat' dir='ltr'><em>qnidam</em></span> <span class='ocrx_word' id='word_1_140' title='bbox 1122 3128 1212 3193; x_wconf 87' lang='lat' dir='ltr'><em>abus.</em></span> <span class='ocrx_word' id='word_1_141' title='bbox 1234 3128 1254 3192; x_wconf 89' lang='lat' dir='ltr'><em>i.</em></span> <span class='ocrx_word' id='word_1_142' title='bbox 1278 3149 1348 3195; x_wconf 88' lang='lat' dir='ltr'><em>aor-</em></span> 
     </span>
     <span class='ocr_line' id='line_1_21' title="bbox 280 3245 1347 3332; baseline -0.004 -18"><span class='ocrx_word' id='word_1_143' title='bbox 280 3246 495 3330; x_wconf 82' lang='lat' dir='ltr'><em>poralitatem)</em></span> <span class='ocrx_word' id='word_1_144' title='bbox 517 3247 662 3312; x_wconf 70' lang='lat' dir='ltr'><em>Deitatis</em></span> <span class='ocrx_word' id='word_1_145' title='bbox 692 3294 732 3312; x_wconf 97' lang='lat'><em>..</em></span> <span class='ocrx_word' id='word_1_146' title='bbox 760 3245 931 3332; x_wconf 86' lang='lat' dir='ltr'><em>referenda</em></span> <span class='ocrx_word' id='word_1_147' title='bbox 954 3259 1027 3310; x_wconf 85' lang='lat' dir='ltr'><em>sant</em></span> <span class='ocrx_word' id='word_1_148' title='bbox 1049 3245 1106 3324; x_wconf 76' lang='lat' dir='ltr'><em>al,</em></span> <span class='ocrx_word' id='word_1_149' title='bbox 1137 3245 1231 3310; x_wconf 87' lang='lat' dir='ltr'><em>Mart.</em></span> <span class='ocrx_word' id='word_1_150' title='bbox 1256 3245 1347 3330; x_wconf 67' lang='lat' dir='ltr'><em>Gap,</em></span> 
     </span>
     <span class='ocr_line' id='line_1_22' title="bbox 280 3363 1344 3450; baseline 0 -22"><span class='ocrx_word' id='word_1_151' title='bbox 280 3363 326 3428; x_wconf 87' lang='lat' dir='ltr'><em>Gl.</em></span> <span class='ocrx_word' id='word_1_152' title='bbox 347 3365 441 3430; x_wconf 89' lang='lat' dir='ltr'><em>Mam.</em></span> <span class='ocrx_word' id='word_1_153' title='bbox 464 3384 514 3428; x_wconf 86' lang='lat' dir='ltr'><em>an.</em></span> <span class='ocrx_word' id='word_1_154' title='bbox 539 3364 580 3445; x_wconf 91' lang='lat' dir='ltr'><em>II,</em></span> <span class='ocrx_word' id='word_1_155' title='bbox 603 3367 632 3441; x_wconf 90' lang='lat'><em>3,</em></span> <span class='ocrx_word' id='word_1_156' title='bbox 657 3369 675 3431; x_wconf 81' lang='lat'>5</span> <span class='ocrx_word' id='word_1_157' title='bbox 699 3365 821 3450; x_wconf 84' lang='lat' dir='ltr'><em>(homo)</em></span> <span class='ocrx_word' id='word_1_158' title='bbox 844 3366 878 3430; x_wconf 90' lang='lat' dir='ltr'><em>in</em></span> <span class='ocrx_word' id='word_1_159' title='bbox 901 3367 1148 3448; x_wconf 91' lang='lat' dir='ltr'><em>corporationem</em></span> <span class='ocrx_word' id='word_1_160' title='bbox 1171 3364 1344 3428; x_wconf 85' lang='lat' dir='ltr'><em>irrationa-</em></span> 
     </span>
     <span class='ocr_line' id='line_1_23' title="bbox 282 3481 1347 3570; baseline 0.003 -27"><span class='ocrx_word' id='word_1_161' title='bbox 282 3481 390 3545; x_wconf 83' lang='lat' dir='ltr'><em>bilium</em></span> <span class='ocrx_word' id='word_1_162' title='bbox 409 3483 608 3570; x_wconf 86' lang='lat' dir='ltr'><em>protoplasti</em></span> <span class='ocrx_word' id='word_1_163' title='bbox 620 3483 730 3570; x_wconf 83' lang='lat' dir='ltr'><em>lapsus</em></span> <span class='ocrx_word' id='word_1_164' title='bbox 747 3494 884 3568; x_wconf 90' lang='lat' dir='ltr'><em>peccato,</em></span> <span class='ocrx_word' id='word_1_165' title='bbox 907 3481 982 3546; x_wconf 84' lang='lat' dir='ltr'><em>Isid.</em></span> <span class='ocrx_word' id='word_1_166' title='bbox 997 3481 1051 3546; x_wconf 92' lang='lat' dir='ltr'><em>lib.</em></span> <span class='ocrx_word' id='word_1_167' title='bbox 1068 3503 1153 3548; x_wconf 85' lang='lat' dir='ltr'><em>num.</em></span> <span class='ocrx_word' id='word_1_168' title='bbox 1171 3484 1200 3563; x_wconf 85' lang='lat'><em>3,</em></span> <span class='ocrx_word' id='word_1_169' title='bbox 1216 3482 1235 3547; x_wconf 91' lang='lat'><em>8</em></span> <span class='ocrx_word' id='word_1_170' title='bbox 1260 3483 1347 3546; x_wconf 83' lang='lat' dir='ltr'><em>bina-</em></span> 
     </span>
     <span class='ocr_line' id='line_1_24' title="bbox 279 3602 993 3689; baseline 0 -25"><span class='ocrx_word' id='word_1_171' title='bbox 279 3602 350 3665; x_wconf 84' lang='lat' dir='ltr'><em>rins</em></span> <span class='ocrx_word' id='word_1_172' title='bbox 372 3625 520 3678; x_wconf 85' lang='lat' dir='ltr'><em>nnmeras</em></span> <span class='ocrx_word' id='word_1_173' title='bbox 543 3651 550 3668; x_wconf 91' lang='lat'><em>.</em></span> <span class='ocrx_word' id='word_1_174' title='bbox 575 3650 591 3688; x_wconf 82' lang='lat'><em>.</em></span> <span class='ocrx_word' id='word_1_175' title='bbox 603 3603 784 3689; x_wconf 84' lang='lat' dir='ltr'><em>parilitatis</em></span> <span class='ocrx_word' id='word_1_176' title='bbox 807 3602 993 3684; x_wconf 89' lang='lat' dir='ltr'><em>corporatio.</em></span> 
     </span>
    </p>
   </div>
   <div class='ocr_carea' id='block_1_10' title="bbox 280 3787 1346 4239">
    <p class='ocr_par' dir='ltr' id='par_1_10' title="bbox 280 3787 1346 4239">
     <span class='ocr_line' id='line_1_25' title="bbox 357 3787 1345 3906; baseline 0 -22"><span class='ocrx_word' id='word_1_177' title='bbox 357 3787 1345 3906; x_wconf 56' lang='lat' dir='ltr'><em>mwmmmmmmmmm</em></span> 
     </span>
     <span class='ocr_line' id='line_1_26' title="bbox 281 3937 1346 4025; baseline 0.002 -25"><span class='ocrx_word' id='word_1_178' title='bbox 281 3948 401 4023; x_wconf 84' lang='lat' dir='ltr'><em>tempas</em></span> <span class='ocrx_word' id='word_1_179' title='bbox 424 3939 526 4018; x_wconf 79' lang='lat' dir='ltr'><em>labet,</em></span> <span class='ocrx_word' id='word_1_180' title='bbox 549 3941 634 4004; x_wconf 83' lang='lat' dir='ltr'><em>na‘acit</em></span> <span class='ocrx_word' id='word_1_181' title='bbox 650 3964 719 4004; x_wconf 87' lang='lat' dir='ltr'><em>cnm</em></span> <span class='ocrx_word' id='word_1_182' title='bbox 734 3941 926 4025; x_wconf 85' lang='lat' dir='ltr'><em>corporealia</em></span> <span class='ocrx_word' id='word_1_183' title='bbox 942 3950 971 4002; x_wconf 90' lang='lat' dir='ltr'><em>et</em></span> <span class='ocrx_word' id='word_1_184' title='bbox 990 3940 1060 4023; x_wconf 84' lang='lat' dir='ltr'><em>ipse</em></span> <span class='ocrx_word' id='word_1_185' title='bbox 1082 3937 1165 4022; x_wconf 57' lang='lat' dir='ltr'><em>(infe</em></span> <span class='ocrx_word' id='word_1_186' title='bbox 1188 3958 1259 4003; x_wconf 87' lang='lat' dir='ltr'><em>oum</em></span> <span class='ocrx_word' id='word_1_187' title='bbox 1281 3957 1346 4002; x_wconf 90' lang='lat' dir='ltr'><em>non</em></span> 
     </span>
     <span class='ocr_line' id='line_1_27' title="bbox 280 4054 1346 4142; baseline -0.001 -22"><span class='ocrx_word' id='word_1_188' title='bbox 280 4075 452 4138; x_wconf 87' lang='lat' dir='ltr'><em>corporeus</em></span> <span class='ocrx_word' id='word_1_189' title='bbox 474 4057 543 4134; x_wconf 86' lang='lat' dir='ltr'><em>erit,</em></span> <span class='ocrx_word' id='word_1_190' title='bbox 567 4104 575 4121; x_wconf 94' lang='lat'><em>.</em></span> <span class='ocrx_word' id='word_1_191' title='bbox 599 4105 606 4120; x_wconf 93' lang='lat'><em>.</em></span> <span class='ocrx_word' id='word_1_192' title='bbox 630 4077 731 4139; x_wconf 86' lang='lat' dir='ltr'><em>neque</em></span> <span class='ocrx_word' id='word_1_193' title='bbox 753 4061 880 4142; x_wconf 86' lang='lat' dir='ltr'><em>tempus</em></span> <span class='ocrx_word' id='word_1_194' title='bbox 899 4056 1024 4140; x_wconf 85' lang='lat' dir='ltr'><em>habet),</em></span> <span class='ocrx_word' id='word_1_195' title='bbox 1049 4054 1091 4126; x_wconf 92' lang='lat' dir='ltr'><em>ib.</em></span> <span class='ocrx_word' id='word_1_196' title='bbox 1113 4075 1144 4120; x_wconf 90' lang='lat' dir='ltr'><em>u.</em></span> <span class='ocrx_word' id='word_1_197' title='bbox 1168 4055 1208 4120; x_wconf 86' lang='grc'><em>39</em></span> <span class='ocrx_word' id='word_1_198' title='bbox 1239 4076 1346 4138; x_wconf 91' lang='lat' dir='ltr'><em>corpo·</em></span> 
     </span>
     <span class='ocr_line' id='line_1_28' title="bbox 280 4175 563 4239; baseline 0.011 -3"><span class='ocrx_word' id='word_1_199' title='bbox 280 4175 396 4238; x_wconf 90' lang='lat' dir='ltr'><em>realem</em></span> <span class='ocrx_word' id='word_1_200' title='bbox 417 4197 563 4239; x_wconf 84' lang='lat' dir='ltr'><em>massam.</em></span> 
     </span>
    </p>
   </div>
   <div class='ocr_carea' id='block_1_11' title="bbox 0 0 1491 4942">
    <p class='ocr_par' dir='ltr' id='par_1_11' title="bbox 0 0 1491 4942">
     <span class='ocr_line' id='line_1_29' title="bbox 0 0 1491 4942; baseline 0 0"><span class='ocrx_word' id='word_1_201' title='bbox 0 0 1491 4942; x_wconf 95' lang='lat' dir='ltr'><em> </em></span> 
     </span>
    </p>
   </div>
  </div>
 </body>
</html>
