2964 4942
537 412 769 476 -369—

40 647 43 655 .
123 593 286 679 iactatque
301 608 428 675 natura,
451 595 493 659 a.
509 596 541 659 in
563 595 618 660 ra
635 599 652 657 7
670 594 721 676 a,
743 594 864 659 cautu.
880 617 910 659 u.
928 563 1049 673 Anisa,
1072 595 1186 659 rusa.

121 733 171 795 up.
190 715 267 795 Aug.
291 734 318 777 c.
342 735 403 778 sco.
426 736 509 797 resp.
527 713 636 795 Iul.V‚
658 716 698 780 25
721 716 987 779 inconvertibilem
1010 739 1075 779 esse
1097 715 1189 777 rnali-

123 831 271 912 tiamsi,
296 831 435 898 Facund.
462 833 581 898 delens
606 832 704 912 V1‚4
733 834 898 912 diuinitas,
921 834 984 913 alt,
1012 872 1054 881 -
1082 835 1190 898 incon·

122 950 279 1015 uorsibilis
301 953 380 1034 Aug.
404 952 472 1035 (inl.
497 954 528 1016 in
553 954 661 1036 2951).

199 1105 581 1168 inconnerttbilttas:
604 1105 691 1170 Hier.
716 1105 788 1169 Did.
812 1105 888 1188 spir.
913 1109 1011 1169 sanct.
1036 1107 1054 1170 5
1078 1105 1189 1189 (Spiri-

92 1300 94 1303 .
121 1224 187 1304 tus)
211 1223 340 1286 eundern
362 1224 477 1288 babens
499 1224 828 1305 inconaertibilitatenn,
852 1223 956 1287 Rufin.
982 1223 1066 1305 Orig.
1089 1224 1188 1306 princ.

122 1343 161 1421 ΙΙ,
179 1345 207 1421 6,
225 1345 243 1406 6
268 1367 347 1426 quae
370 1345 503 1427 (anima)
529 1346 853 1408 inconnerttbilitatern
877 1366 914 1407 en
931 1344 1024 1405 uerbi
1036 1343 1101 1406 Dei
1121 1345 1191 1406 uni-

124 1471 186 1523 tate
219 1453 428 1524 indesinenter
462 1465 562 1538 r'pnita
590 1462 747 1548 possedit,
779 1461 824 1525 id.
852 1461 984 1543 Pamph.
1015 1482 1074 1542 pro
1105 1461 1190 1542 Orig.

123 1599 152 1658 p.
171 1565 234 1642 336
251 1578 285 1640 L.
309 1586 392 1663 qaod
414 1579 521 1643 eadem
543 1583 588 1644 cit
610 1581 892 1645 inconnertibilitas
915 1580 1058 1664 Spiritus
1081 1581 1190 1658 sancti,

124 1720 201 1781 qaae
229 1697 338 1760 Patris
367 1709 396 1760 et
411 1699 510 1778 'Fun
540 1699 658 1763 Rustic.
685 1721 710 1764 c.
736 1699 853 1783 Aceph.
877 1720 907 1779 p.
936 1701 1015 1762 1248
1040 1703 1084 1780 (et
1107 1697 1189 1780 DV),

124 1801 167 1878 ib.
191 1836 221 1895 p.
249 1817 340 1893 1249,
365 1814 504 1880 Cassiod.
530 1817 672 1900 (Epiph.)
695 1817 766 1882 hist.
790 1818 867 1901 trip.

204 1976 432 2031 inconuerti
440 1969 516 2032 bili
525 1981 597 2032 ter:
621 1969 707 2034 Hier.
724 1969 795 2034 Did.
819 1971 896 2053 spir.
917 1975 1015 2034 sanct.
1033 1973 1061 2048 7,
1086 1969 1189 2033 Rufin.

127 2084 209 2168 Orig.
233 2087 333 2168 princ.
357 2086 399 2165 ΙΙ,
424 2089 453 2165 6,
477 2090 506 2164 5,
534 2087 597 2153 Leo
620 2109 669 2170 ep.
697 2089 765 2166 102,
790 2087 923 2170 Eutych.
948 2104 999 2168 ap.
1023 2086 1114 2150 eund.
1140 2108 1189 2170 ep.

125 2205 176 2274 21,
205 2203 284 2267 Mar.
318 2204 413 2268 Mero.
445 2204 552 2286 Cyrill.
582 2204 665 2287 apol.
693 2205 767 2267 adu.
795 2203 913 2270 Theod.
944 2226 974 2287 p.
1003 2208 1065 2269 974
1089 2183 1116 2269 Ι)
1140 2205 1191 2283 al,

126 2321 218 2404 Vigil.
250 2323 344 2404 Taps.
374 2343 400 2385 c.
432 2320 565 2404 Eutych.
595 2321 650 2395 IV,
678 2325 698 2385 4
731 2324 1001 2386 incontentibiliter
1032 2323 1193 2408 perfectas

125 2441 224 2517 borno,
254 2439 296 2502 ib.
322 2442 341 2504 8
365 2446 397 2503 et
422 2443 469 2518 19,
495 2439 531 2517 V,
555 2441 605 2516 25,
634 2440 751 2503 Rustic.
776 2462 802 2503 c.
827 2440 944 2522 Aceph.
967 2463 998 2522 p.
1024 2443 1105 2506 1235
1129 2465 1193 2504 ana

125 2559 325 2628 subsistentia
355 2559 430 2640 (est)
462 2558 718 2641 inseparabiliter
742 2560 877 2622 indiciae
899 2561 1192 2642 inconnertibiliter,

131 2677 281 2776 »Dionys
305 2697 347 2740 cr.
370 2676 454 2740 hom.
479 2678 550 2740 28«.

60 2782 87 2824 ι

203 2845 508 2928 luctuuluuibllls:
536 2863 622 2927 Hier.
645 2863 730 2944 Orig.
753 2865 787 2928 in
810 2832 921 2930 Ioremi
944 2866 1028 2931 hom.
1052 2868 1081 2940 3,
1109 2872 1120 2929 1
1148 2867 1194 2929 in-

127 2983 277 3045 contritus
308 2995 336 3044 et
363 2983 617 3046 inconvincibilis
640 3006 841 3066 permanens,
873 2985 981 3050 lustin.
1006 2985 1085 3050 Nou.
1110 3007 1192 3050 uere.

127 3097 212 3178 uulg.
236 3102 287 3178 44,
313 3105 326 3162 1
354 3100 586 3184 (conuincibilis
609 3100 708 3183 Isiu).

207 3252 546 3334 incorporabilis:
570 3253 664 3331 Tert.‚
689 3258 772 3317 auct.
795 3254 908 3318 Zacch.
932 3260 963 3318 ct
986 3255 1087 3336 Apoll.
1109 3277 1193 3320 cons.

129 3369 166 3444 ΙΙ,
185 3371 222 3433 15
246 3391 299 3430 nec
315 3371 395 3432 enirn
414 3372 652 3456 incorporabitis
669 3371 834 3448 diuinitas,
859 3372 917 3434 sed
930 3385 1043 3456 corpas
1060 3373 1194 3456 affluam

127 3499 175 3548 est
198 3489 252 3570 (sc.
278 3487 386 3569 cruci),
408 3488 494 3551 Max.
518 3489 620 3567 Taua,
643 3489 755 3554 Boeth.

205 3648 536 3732 incorporalitas:
567 3649 661 3728 lert,
692 3650 769 3731 Aug.
794 3648 861 3712 Ciu.
883 3649 921 3712 D.
944 3651 982 3728 X,
1009 3655 1043 3715 11
1077 3655 1107 3716 si
1130 3676 1195 3716 cor-

124 3789 200 3849 pore
234 3779 262 3827 et
281 3747 548 3850 'incorporalitate
580 3767 625 3831 dii
657 3791 676 3829 a
711 3767 914 3832 daemonibus
943 3769 1193 3855 distinpanntnr,

127 3882 236 3962 Maca,
260 3884 383 3966 Boeth.‚
407 3886 485 3950 Isid.
508 3887 577 3974 ord.
600 3890 697 3952 creat.
726 3891 771 3966 15,
796 3890 825 3951 9.

207 4055 486 4138 incorporare:
509 4055 586 4120 locis
608 4075 659 4138 ap.
677 4054 736 4136 Gg.
759 4056 906 4121 addimus
922 4059 999 4140 Aug.
1021 4060 1054 4122 in
1077 4059 1134 4122 Iob
1154 4061 1194 4123 39

128 4176 273 4236 ecclesiae
296 4177 471 4238 credituros
495 4173 545 4251 ul,
570 4174 614 4237 Cl.
640 4177 732 4238 Mam.
757 4197 806 4239 an.
831 4179 868 4254 ll,
892 4177 920 4255 3,
947 4178 966 4238 2
989 4179 1133 4240 animant.

177 4284 379 4330 Paueker,1.ex.
395 4285 444 4324 Lat.
460 4285 645 4335 supplementum.
959 4297 993 4347 24
