2970 4942
541 433 771 492 -145-

121 615 263 682 cornuali
286 615 521 682 concertatione
542 613 713 679 detentere
736 663 743 678 .
769 663 787 693 .,
812 618 843 678 ct
865 611 936 677 inf.:
959 614 1006 680 ila
1021 633 1080 696 pro
1096 633 1192 696 copu-

120 735 196 799 latis
218 735 280 800 sibi
301 737 425 801 animas
447 707 594 819 pomini),
618 735 661 812 II,
688 736 726 798 10
757 757 776 796 α
801 746 946 819 tompore,
971 756 1031 819 quo
1055 734 1192 820 ictpalan

121 854 265 938 copulam
288 856 393 920 auimo
407 858 527 920 uitiata
544 855 710 940 dereliquit
733 856 787 938 (sc.
802 853 940 936 Agapita
955 855 1081 918 nominc
1097 873 1193 936 quac·

121 971 222 1055 dum),
245 973 288 1037 ib.
308 975 357 1053 14,
381 976 417 1052 V,
436 975 492 1050 33;
515 1012 555 1021 -
578 971 616 1038 cf.
633 973 749 1055 copula
770 993 830 1055 pro
853 971 1016 1054 copulatio
1038 972 1059 1037 i.
1076 993 1104 1038 c.
1119 993 1191 1038 con·

119 1091 242 1157 iunctio
265 1090 513 1157 matrimonialis
536 1090 612 1157 (lod.
636 1091 765 1170 Theod,
789 1089 869 1156 Nou.
892 1086 974 1170 val,
999 1089 1032 1156 G.
1057 1091 1134 1156 lust.

202 1295 471 1381 copulabilis:
495 1297 574 1379 Aug.
590 1317 669 1362 mus.
686 1295 741 1370 IV,
763 1297 803 1362 32
828 1319 897 1360 cam
919 1296 983 1360 sibi
1005 1297 1193 1381 copularetur

121 1415 177 1500 qui
200 1415 282 1477 cister
305 1436 337 1478 se
359 1426 432 1477 suut
455 1413 647 1500 copulabiles
667 1414 775 1498 pedes,
798 1416 840 1495 11,
864 1416 915 1480 26.

201 1618 471 1703 copulatione:
505 1618 583 1700 Aug.
612 1617 709 1683 locut.
733 1618 767 1683 in
794 1618 925 1701 Heptai.
949 1617 981 1683 II
1015 1617 1058 1683 ad
1088 1617 1191 1684 Exod.

121 1738 172 1816 35,
197 1738 238 1801 28
266 1736 482 1820 (coniunctio),
513 1737 646 1816 Charis,
677 1736 719 1800 M.
744 1737 833 1819 Gap,
862 1736 970 1818 Prisc,
1001 1736 1078 1803 (lod.
1101 1736 1192 1816 lust,

121 1854 198 1921 Isid.
223 1854 319 1938 (DV).

46 2075 119 2117 1085·
200 2039 398 2124 cilicinum}
427 2059 553 2127 Petron.
570 2064 610 2126 75
634 2061 796 2126 corcillam
819 2059 964 2146 estquod
979 2060 1117 2125 homiues
1132 2057 1190 2144 fa·

122 2178 166 2240 cit
189 2177 241 2260 (cf.
266 2178 371 2254 Quini.
394 2179 432 2260 X,
457 2183 486 2259 7,
511 2183 565 2245 15:
592 2184 705 2264 pectus
728 2180 886 2262 estquod
910 2179 1045 2245 disertos
1068 2177 1168 2259 facit).

202 2381 379 2465 cortatio:
406 2401 515 2466 ranst.
540 2402 625 2484 epa
647 2422 679 2484 p.
697 2402 758 2466 842
781 2400 809 2462 A
837 2403 861 2464 t.
878 2397 982 2462 cv111
1004 2397 1108 2482 Migne
1137 2397 1193 2463 aa

121 2519 228 2602 potius
251 2517 479 2582 aestimandum
501 2530 556 2597 est,
581 2517 664 2603 quod
685 2519 828 2601 (anima),
852 2519 881 2582 si
902 2517 1029 2604 quaudo
1051 2518 1119 2581 sibi
1133 2517 1193 2580 αἶ’·

124 2637 202 2720 qaid
223 2638 428 2722 imapiaatar,
451 2638 554 2721 mapis
577 2661 646 2701 cum
668 2639 736 2702 sais
760 2637 845 2702 iutra
868 2637 1087 2722 semetipsam
1101 2637 1193 2700 moli-

125 2757 182 2818 tes
204 2767 382 2840 occupatur,
407 2770 444 2836 ol,
468 2757 598 2842 siquid
619 2756 703 2820 illud
725 2769 770 2820 est
793 2755 877 2840 qaod
897 2756 1037 2842 aspicere
1055 2754 1191 2833 videtur,

122 2853 228 2959 scapis
251 2877 280 2939 ei
301 2877 333 2939 iu
356 2875 547 2940 cordationis
571 2879 695 2961 speculo
719 2865 918 2940 describitur.

202 3079 430 3179 corticellas:
458 3097 608 3163 Draconi.
639 3117 737 3160 carm.
767 3096 830 3180 (cd.
861 3094 968 3178 Duhn)
997 3092 1066 3174 VII,
1095 3115 1126 3158 u.
1150 3093 1189 3158 81

125 3214 213 3297 (acer
235 3193 358 3298 equita)
381 3215 486 3280 orbita
509 3214 676 3300 cornipede
698 3214 840 3300 sequitur
857 3235 946 3297 quern
963 3210 1058 3276 dacto
1072 3211 1192 3277 uolatu.

203 3429 431 3504 cornupeta:
456 3417 486 3484 S.
511 3418 542 3483 S.
566 3421 629 3482 uel.
654 3417 782 3500 (Talei.)
806 3421 838 3482 ct
861 3416 952 3499 Vulg.
969 3414 1081 3493 Exod,
1104 3414 1191 3478 Hier.

123 3535 156 3599 in
178 3536 292 3600 Erech.
316 3536 366 3600 XI
395 3536 438 3602 ad
461 3538 511 3618 34,
542 3535 645 3601 Rufio.
670 3535 755 3618 Orig.
778 3535 877 3618 princ.
902 3535 925 3614 1,
950 3536 979 3613 8,
1003 3536 1033 3614 4,
1056 3533 1137 3615 Aug.
1159 3533 1191 3597 in

122 3674 172 3736 ps.
191 3656 240 3731 54,
257 3655 297 3718 22
321 3657 519 3741 conprepatio
543 3668 715 3734 taurorum,
739 3653 777 3718 id
798 3665 844 3718 est
862 3654 1068 3738 superborum
1084 3674 1193 3715 corau-
1293 3628 1295 3631 .

121 3783 270 3858 pelorum
294 3772 328 3857 (l.
350 3794 376 3838 r.
400 3773 483 3856 Gg.),
507 3772 599 3856 gloss.

204 3962 418 4025 coronalis:
455 3963 535 4044 App.
566 3943 602 4042 a,
636 3959 778 4025 Cassiod.
806 3960 839 4024 in
869 3979 917 4043 ps.
942 3960 992 4038 93,
1023 3961 1063 4024 14
1097 3961 1192 4044 (nunc

123 4079 240 4144 asserit
254 4099 318 4143 non
334 4099 402 4144 esso
416 4078 661 4162 repellendum,)
685 4101 775 4163 quem
794 4090 928 4164 propter
943 4077 1192 4162 coronalcprae·

122 4199 218 4262 mium
238 4221 343 4283 paruo
368 4211 505 4284 tempore
528 4208 831 4262 commemoraturs
847 4197 1037 4282 faltpatuut.

174 4318 313 4366 Pauoken
333 4318 386 4359 Lex·
401 4319 450 4360 Lat·
465 4317 650 4368 Supplementum·
819 4303 821 4308 Ι
957 4317 988 4376 10
