2940 4936
716 425 926 487 ..26-

248 625 286 664 no
364 606 494 672 ambiri
500 621 614 673 enter
637 607 865 692 (ἀμφιδέξιος);
882 608 913 674 S.
931 608 962 675 S.
980 608 1049 674 lud.
1065 609 1095 689 11,
1114 611 1153 676 15
1169 628 1221 693 ap.
1239 609 1357 690 Rufio,

285 725 389 790 Rufin.
414 725 499 810 Orig.
521 727 555 792 in
578 727 646 818 lud.
670 725 757 793 hom.
780 727 810 807 3,
835 729 853 791 5
872 725 892 792 ‘.
909 775 916 792 .
934 729 1038 792 airam
1061 727 1305 793 ambideaetrnm'
1323 775 1358 793 ..

286 855 450 932 utramque
471 869 598 910 monam
622 845 768 911 dextram
791 845 894 928 babet,
917 845 974 910 boo
996 860 1042 911 est
1057 849 1148 922 enim,
1172 845 1257 932 qaod
1279 847 1359 912 dioi-

286 975 338 1027 snr
360 963 565 1043 ambidexter,
589 963 632 1029 id.
649 963 692 1034 ib.
708 961 764 1029 inf.
781 969 813 1030 ei
835 967 896 1029 §.6
920 970 953 1030 ei
974 963 1059 1032 hom.
1083 969 1113 1046 4,
1139 969 1167 1046 1,
1194 951 1359 1031 »Geraia

285 1080 364 1148 coli.
390 1081 443 1162 VI,
469 1084 540 1182 105,
565 1084 677 1149 Onom.
699 1082 755 1148 lat.
779 1102 835 1166 gr,
859 1082 951 1150 Thes.
973 1104 1046 1150 nou.
1069 1083 1136 1163 let,
1160 1083 1260 1150 Beda.

364 1261 606 1327 ambienter:
630 1260 750 1336 Sidon„
774 1260 916 1328 Cassiod.
933 1261 964 1327 in
980 1282 1029 1345 pe.
1046 1263 1086 1327 62
1108 1263 1164 1328 nbi
1178 1263 1359 1330 miseriror-

286 1378 375 1443 diam
397 1379 529 1444 Domini
551 1381 667 1466 repetit
689 1379 870 1460 ambienter,
891 1379 924 1445 in
948 1381 998 1459 74,
1022 1381 1052 1461 8,
1076 1379 1151 1446 Ver.
1178 1380 1215 1461 V,
1239 1384 1270 1447 2.

362 1556 608 1640 ambisinister
634 1573 753 1639 auen:
779 1524 932 1657 ipson

366 1753 664 1818 amicabiliter:
688 1751 775 1820 Hier.
798 1754 840 1838 (i)
864 1753 906 1819 sd
929 1755 1021 1820 nmio.
1037 1773 1122 1838 eegr.
1139 1753 1163 1835 1,
1183 1757 1206 1823 ,4
1227 1753 1359 1819 medici-

285 1875 354 1938 nali
366 1872 500 1958 jlaoello
517 1921 523 1938 .
542 1922 548 1937 .
565 1875 693 1939 meritos
709 1874 919 1940 amicabiliter
942 1875 1104 1960 castigari,
1126 1873 1185 1938 Iul.
1202 1893 1252 1960 ep.
1270 1871 1354 1940 Nou.

363 2051 558 2119 emicare:
582 2053 676 2134 siat,
690 2051 866 2120 Vereound.
882 2053 915 2119 in
931 2053 1022 2118 Geni.
1036 2052 1176 2120 Debbor.
1193 2054 1244 2134 53,
1260 2052 1355 2119 inser.

247 2268 285 2308 as
362 2230 559 2313 2211212212
586 2251 633 2333 (et
655 2247 817 2331 circum-i:
841 2248 934 2314 Thee.
959 2269 1030 2314 nou.
1055 2247 1111 2313 lat.
1134 2269 1166 2332 p.
1193 2251 1241 2314 12.

364 2428 623 2494 amissibilis:
655 2429 746 2510 Aug,
772 2427 829 2494 lul.
853 2448 905 2513 sp.
930 2428 1009 2512 Aug.
1033 2448 1060 2493 o.
1083 2447 1144 2494 seo.
1166 2448 1250 2511 resp.
1274 2428 1355 2511 Aug.

286 2545 339 2625 VI,
376 2546 425 2625 18,
460 2558 531 2610 aei.
566 2545 710 2612 Cassiod.
742 2566 793 2612 sn.
828 2548 847 2610 2
884 2549 1022 2630 (constat
1056 2547 1195 2611 enimam
1227 2545 1261 2610 in
1295 2544 1358 2612 hoc
1423 2541 1425 2544 ’

284 2663 416 2746 mundo)
441 2711 448 2728 .
473 2711 480 2727 .
509 2666 659 2729 bonoram
687 2687 794 2728 rernm
823 2688 889 2730 esse
917 2665 1125 2730 amissibilem
1155 2689 1193 2729 ae
1220 2668 1356 2752 recepti-

286 2783 387 2846 bilem.

363 2958 589 3002 amoenare:
614 2935 708 3021 Gypr.
732 2935 775 3001 ad
790 2937 906 3004 Donet.
927 2943 940 3001 1
968 2937 1042 3001 olom
1064 2941 1096 3002 in
1118 2940 1248 3003 arbores
1272 2950 1301 3002 ei
1324 2942 1357 3003 in

285 3058 366 3121 uitro
389 3054 545 3136 uidemus,
568 3057 739 3122 oblectante
758 3069 927 3144 prospecta
942 3059 1046 3122 oeulos
1063 3077 1263 3122 amoenamus
1280 3060 1357 3143 (non

285 3195 334 3258 ep.
359 3177 388 3255 2,
414 3177 455 3259 1),
478 3180 577 3260 posit.

362 3327 604 3410 amoeniiiiiio:
636 3343 729 3408 Thes.
752 3363 824 3410 nou.
846 3343 903 3409 lai.
925 3365 957 3428 p.
982 3348 1011 3412 i.

362 3517 550 3580 amorosii
573 3517 791 3608 (amonrear):
814 3516 905 3582 Thoe.
929 3538 1002 3583 nou.
1025 3516 1081 3583 lat.
1104 3538 1136 3601 p.
1161 3520 1189 3580 7.

247 3707 286 3746 leo
363 3667 618 3770 enoieetiiiiis
647 3685 771 3752 Paulin.
795 3686 898 3758 Dina:
923 3687 950 3752 A
971 3708 1003 3771 p.
1023 3688 1095 3780 ψ.

364 3836 621 3923 amplexatio:
651 3837 737 3905 Hier.
760 3839 794 3903 in
816 3837 914 3906 Abeo.
937 3861 986 3923 pr.
1015 3840 1144 3905 Abeona
1167 3841 1356 3926 interpreta-

287 3970 340 4020 tor
362 3957 537 4041 amplexae,
561 3958 639 4038 siue,
663 3971 698 4022 nt
720 3957 953 4044 siqnifioemtiur
970 3970 1132 4024 vertamus
1148 3960 1182 4023 in
1195 3981 1355 4045 qraeenm,

282 4075 464 4162 parleremo,
495 4076 599 4142 idest
623 4079 826 4165 amplexatio,
855 4076 997 4143 chalcid.
1019 4077 1051 4142 in
1079 4077 1159 4142 Tim.
1185 4079 1255 4158 194,
1279 4077 1356 4144 Gasss

284 4194 373 4276 siod,
398 4195 474 4261 isid.
1299 4221 1303 4230 ’
