3000 4942
578 398 812 461 -213-

240 586 526 669 *dispensatio
556 585 639 650 eccl.
659 584 779 652 ,transl
809 583 830 647 i.
860 582 1058 661 oeconomia,
1092 583 1230 665 prouida

87 713 99 724 ‘⁹
163 727 270 770 rerum
292 703 345 769 uel
368 709 496 768 actuum
519 703 695 786 dispositio,
719 707 755 766 ut
777 707 810 767 et
831 701 871 766 de
891 700 1070 769 hominibus
1087 702 1229 767 consulte

160 846 197 890 ac
219 824 395 909 prudenter
417 824 467 889 uel
488 823 586 888 etiam
606 821 720 888 callide
739 823 938 907 propositum
953 822 1227 906 persequentibus,

158 945 261 1028 magis
284 947 391 1008 autem
423 943 462 1007 de
492 942 601 1007 diuina
628 963 687 1025 pro
716 963 829 1024 genere
858 941 999 1007 humano
1030 940 1229 1009 consulentis

160 1063 294 1142 dicatur,
318 1061 537 1146 significetque
560 1061 642 1128 adeo
663 1062 825 1128 interdum
838 1062 874 1127 id
888 1083 999 1146 prope,
1023 1062 1109 1145 quod
1124 1064 1228 1146 gratia

157 1182 208 1248 uel
239 1182 381 1266 dignatio
409 1181 544 1246 dicitur:
580 1181 664 1247 Tert.
694 1182 767 1247 adu.
798 1183 936 1247 Proui
970 1179 1095 1247 unicum
1122 1184 1228 1248 Deam

158 1299 330 1380 credimus,
361 1301 420 1365 sal
449 1300 507 1363 luc
530 1313 631 1364 tamen
655 1299 902 1386 dispensatione,
935 1326 1029 1388 qaam
1052 1303 1227 1388 οἰκονομίαν

159 1420 309 1499 dicimus,
340 1432 375 1483 ut
402 1420 490 1484 unici
511 1419 578 1483 Dei
604 1421 648 1483 sit
670 1433 699 1483 et
715 1421 811 1504 filins
834 1469 841 1484 .
867 1470 892 1500 .‚
924 1424 979 1507 qni
1002 1446 1040 1487 esc
1063 1424 1133 1507 ipso
1153 1445 1228 1508 pro·

157 1542 292 1618 cesserit,
313 1562 373 1625 per
396 1561 484 1625 quem
506 1539 610 1603 omnia
629 1537 721 1624 facta
744 1550 825 1619 sant,
841 1539 890 1604 ib.
915 1542 935 1604 4
957 1540 1028 1604 uide
1051 1518 1087 1605 ne
1111 1555 1144 1607 tu
1164 1567 1228 1608 mo-

157 1657 321 1722 narchiam
338 1657 494 1735 destruas,
520 1659 574 1742 qni
591 1657 825 1742 dispositionem
842 1672 870 1722 et
886 1661 1146 1745 dispensationem
1162 1664 1227 1727 eins

158 1779 280 1856 mertis,
304 1776 378 1843 adu.
395 1777 494 1841 Mare.
512 1778 547 1855 V,
567 1779 604 1843 18
630 1777 822 1864 dispensatio
841 1782 1030 1846 sacramenti
1052 1781 1164 1846 occulti
1188 1783 1227 1846 ab

157 1898 242 1961 aenis
264 1897 295 1960 in
320 1895 394 1976 Deo,
417 1895 504 1961 Hier.
527 1896 559 1960 in
584 1895 697 1979 Eph.1
720 1897 762 1962 ad
785 1904 813 1980 1,
836 1902 855 1964 9
880 1897 1072 1986 dispensatio
1092 1901 1227 1987 plenita-

157 2014 241 2080 dinis
270 2027 457 2102 temporum,
475 2000 527 2080 'nt
562 2026 679 2082 statuto
709 2031 843 2104 tempore
872 2020 975 2085 omnia
1004 2019 1225 2105 compleantur,

155 2136 187 2200 in
210 2135 324 2202 Ezeeh.
348 2136 431 2202 hom.
457 2140 488 2217 1,
512 2138 530 2201 2
560 2160 621 2200 non
650 2151 715 2202 tarn
744 2139 830 2201 iram
854 2162 917 2202 esse
938 2140 1021 2203 iram
1042 2138 1109 2202 Dei
1131 2163 1225 2224 poam
1263 2177 1265 2180 ·

153 2256 364 2319 necessariam
380 2254 645 2340 dispensationem
661 2257 817 2340 (melon),
836 2257 870 2322 in
889 2256 989 2322 Gall
1008 2256 1050 2321 ad
1066 2258 1095 2337 2,
1110 2261 1146 2322 11
1156 2278 1224 2343 sqq.

153 2375 275 2440 Paulus
299 2398 383 2441 noua
406 2375 538 2440 bellator
560 2386 651 2440 netas
673 2398 750 2440 nsns
772 2389 817 2440 est
832 2389 899 2440 arte
912 2379 1085 2463 papnandi,
1108 2389 1143 2442 nt
1159 2379 1223 2444 dis·

84 2509 85 2514 ’
150 2496 364 2581 pensationem
379 2495 481 2576 Petri,
505 2519 567 2581 qna
583 2495 721 2559 Iudaeos
744 2495 872 2560 salnari
890 2497 1034 2582 capiebat
1056 2496 1150 2580 (ritus
1172 2517 1223 2563 eo·

153 2634 223 2677 rum
246 2612 472 2698 reseruando)‚
502 2615 673 2699 nouaipse
701 2614 960 2680 contradictionis
991 2613 1224 2701 dispensatione

154 2733 322 2816 corriperet
340 2744 373 2828 et
395 2735 558 2798 resisteret
580 2735 612 2796 ei
630 2736 664 2799 in
681 2735 803 2822 faciem
827 2734 882 2818 (ib.
898 2733 953 2799 inf.
973 2730 1024 2799 ‘ui
1045 2734 1223 2820 hypocrisis

154 2850 373 2916 obseruandae
397 2851 484 2936 legis,
508 2873 590 2937 quae
612 2851 748 2920 nocebat
768 2853 821 2929 eis,
844 2853 958 2936 quiex
981 2853 1129 2935 gentibus
1155 2873 1222 2920 ere-

153 2969 316 3050 diderant‚
351 2974 560 3054 correptionis
590 2973 749 3058 hypocrisi
783 2973 1041 3039 emendaretur.
1075 3020 1082 3037 .
1113 2973 1222 3038 utilem

104 3159 107 3164 ,
152 3111 230 3155 uero
255 3089 488 3156 simulationem
512 3097 544 3158 et
566 3093 791 3159 assumendam
814 3092 1015 3177 intempore
1038 3092 1115 3159 Iehu
1138 3092 1221 3176 regis

150 3231 207 3277 nos
231 3210 346 3277 doceat
368 3211 548 3296 exemplum
573 3260 580 3276 .
604 3212 634 3292 .',
658 3213 696 3277 cl.
714 3232 763 3296 ep.
783 3215 856 3293 121,
870 3216 905 3278 6:
928 3214 956 3278 si
974 3213 1125 3297 iniquitas
1141 3212 1221 3279 bene

151 3329 337 3414 dispensata
358 3331 497 3396 uertitur
519 3331 550 3395 in
574 3331 753 3415 iustitiam),
776 3332 808 3396 in
828 3331 902 3397 Luc.
919 3331 951 3396 h.
968 3335 1008 3395 27
1032 3331 1078 3396 ad
1099 3330 1220 3419 dispen-

149 3451 303 3514 sationem
325 3452 593 3546 remissionemque
614 3447 822 3536 pecoatoram‚
845 3450 878 3514 in
901 3450 1014 3516 larem.
1033 3450 1082 3514 III
1104 3450 1147 3518 ad
1171 3454 1221 3529 17,

101 3583 102 3586 ’
149 3572 233 3653 9sq.‚
258 3591 307 3654 ep.
331 3571 381 3651 98,
407 3575 426 3637 6
448 3574 483 3637 in
506 3574 732 3657 dispensatione
755 3573 897 3651 dominis,
921 3595 1015 3658 qnam
1035 3595 1097 3658 pro
1120 3575 1220 3638 salute

148 3702 259 3756 nostra
274 3691 376 3778 Filius
391 3692 461 3756 Dei
480 3694 629 3778 dipnatns
652 3705 698 3757 est
721 3714 879 3758 assumere
895 3691 947 3775 (of.
965 3711 1014 3775 ep.
1031 3692 1082 3767 84,
1099 3693 1117 3757 3
1140 3692 1221 3758 alter

150 3832 254 3874 eoram
268 3847 308 3857 -
323 3809 516 3893 Apollinaris
527 3848 567 3858 —
585 3808 792 3877 dimidiatam
812 3809 930 3875 Clristi
947 3809 1123 3878 introdusit
1138 3834 1220 3878 oeco-

149 3931 297 4013 nomiam)
315 3929 367 4010 ai,
383 3930 488 4000 Rufin.
500 3930 583 4014 apol.
597 3930 621 4012 Ι,
635 3931 675 3995 43
693 3932 723 3995 si
736 3929 885 4021 Oripenes
901 3930 1029 4016 aliquid
1042 3930 1079 3996 de
1095 3933 1220 3997 diuinae

151 4046 393 4131 dispensationis
417 4051 638 4115 secretioribus
661 4050 842 4135 suspicatus
866 4063 921 4130 est,
951 4050 981 4114 h.
1005 4051 1080 4117 ecel.
1104 4029 1159 4130 iil,
1177 4052 1219 4115 20

149 4166 348 4251 Apollinaris
372 4215 380 4232 .
404 4216 411 4233 .
435 4191 577 4233 asserens
601 4168 702 4234 solum
726 4192 848 4256 eorpus,
872 4191 933 4234 non
956 4171 1049 4236 etiam
1069 4171 1217 4250 animam,
