3000 4942
566 411 608 423 -
651 377 712 442 215
757 413 799 425 -

150 563 290 628 Cassian.
314 513 392 627 coll.
411 561 498 636 XIII,
524 565 561 627 19
577 561 706 648 foetam
728 564 955 629 oeconomicam
977 587 1031 628 sen
1054 563 1217 650 dispensa·

151 684 275 763 teriam,
292 681 371 746 Mar.
384 682 480 745 Mero.
494 680 590 763 intpr.
604 680 711 766 Gyrill.
729 680 815 764 spol.
831 681 905 745 adu.
921 680 1041 747 Orient.
1057 703 1088 765 p.
1102 685 1163 748 966
1173 682 1215 748 Μ.
1350 699 1352 706 ’

150 801 219 867 ideo
241 815 321 886 reate
339 815 472 886 propter
493 803 721 887 proprietatem
741 801 1005 887 dispensatoriam
1022 805 1128 867 earnis
1138 828 1217 889 pns-

149 921 249 983 siones
271 921 382 1003 Ipsius
405 943 469 982 esse
493 919 637 998 dirimas,
665 940 697 1002 p.
720 918 815 985 984ss
837 922 871 984 et
892 920 943 999 al,
975 920 1102 1006 Dionys¹
1127 923 1215 1007 Exig.

150 1039 245 1122 (nulg.
268 1037 333 1103 sch.
358 1038 454 1121 Cruq.
481 1039 512 1102 in
545 1038 622 1104 Hor.
645 1038 738 1122 panis
761 1039 1024 1122 dispensatorius,
1053 1080 1093 1089 -
1122 1042 1160 1107 cf.
1184 1047 1217 1107 et

149 1158 232 1223 Tert.
252 1179 303 1223 sn.
320 1160 378 1223 43:
402 1163 437 1222 ut
460 1158 657 1240 dispensatio
680 1159 823 1223 ciborum
841 1159 875 1242 (i.
892 1159 1040 1245 digestio)
1063 1182 1120 1244 per
1136 1183 1217 1228 som-

148 1301 309 1347 num-non
331 1280 424 1346 facile
447 1281 658 1363 procederet.
682 1283 718 1365 .);
743 1317 781 1329 -
806 1281 1106 1368 dispensatorie
1129 1281 1215 1349 Hier.

147 1401 181 1464 in
204 1400 503 1482 Philem.u.10sq.
526 1411 562 1463 nt
583 1399 749 1464 Philemon
770 1401 825 1465 ttte
845 1401 1018 1487 prudenter
1042 1413 1071 1464 et
1093 1402 1218 1488 dispen-

149 1521 267 1586 satorie
291 1532 413 1583 tantam
435 1522 468 1584 in
482 1520 687 1606 praefatione
703 1521 853 1587 laudatas
868 1545 930 1586 non
945 1519 1076 1587 erederet
1091 1544 1216 1606 nepare,

147 1662 185 1701 ne
207 1640 273 1703 sais
296 1638 444 1703 landibns
467 1639 631 1704 aide'retar
646 1638 805 1725 indipnns,
823 1641 871 1706 ·ib.
886 1640 929 1705 nd
945 1643 985 1706 22
1007 1664 1069 1706 non
1092 1641 1218 1726 dispen-

148 1759 279 1836 satorie,
310 1735 541 1839 redamat,
577 1758 708 1839 [Rufin]
731 1760 763 1823 in
787 1761 839 1824 Os.
865 1762 912 1825 III
935 1760 977 1826 ad
1001 1764 1050 1840 11,
1077 1763 1104 1840 1,
1135 1761 1216 1826 Mer.
1258 1779 1260 1782 ·

148 1877 243 1941 Mero.
268 1877 340 1960 Cyr.
364 1878 448 1962 apol.
466 1878 540 1943 adu.
557 1879 677 1944 Orient.
698 1900 730 1964 p.
747 1883 809 1945 966
832 1881 983 1945 hominem
998 1881 1130 1965 'fartum
1152 1905 1217 1946 esse

149 1993 381 2080 dispensatorie
402 1999 598 2082 ant'penitam
620 1999 687 2063 Dei
703 1999 831 2078 Filiam,
855 1999 985 2084 Dionys.
1003 1999 1093 2083 Exig.
1110 2001 1215 2086 Cyrill.

99 2191 101 2202 .
148 2134 199 2197 ep.
222 2114 334 2197 synod.
357 2135 389 2199 p.
416 2119 454 2178 17
478 2119 514 2199 (t.
538 2118 593 2200 67)
613 2115 667 2196 M,
691 2117 834 2183 Cassiod.
856 2118 889 2182 in
912 2139 959 2201 ps.
986 2121 1024 2183 16
1047 2139 1070 2183 s.
1088 2119 1120 2200 f,
1144 2120 1214 2186 Aer.
1306 2105 1307 2108 ¹

147 2232 190 2297 sd
211 2233 289 2298 Hor.
307 2235 337 2300 S.
354 2234 378 2314 1,
404 2213 659 2320 10‚13'(r.Gg.)
684 2239 821 2302 eonsnlto
843 2237 880 2302 id
900 2250 946 2302 est
967 2251 1077 2323 sponte
1100 2250 1128 2303 et
1151 2237 1217 2304 dis·

145 2355 326 2438 pensatorie
349 2366 497 2420 entennat
517 2357 606 2444 uires
627 2378 719 2440 snas,·

88 2591 94 2604 .
226 2543 520 2630 dispensatrin:
544 2545 652 2611 Ambr.
675 2545 727 2612 off.
751 2546 885 2612 ministr.
905 2547 930 2627 I,
957 2550 1006 2629 12,
1029 2550 1071 2613 40
1095 2547 1222 2636 dispen-

148 2664 277 2728 satricis
300 2664 547 2746 miserirordiae,
570 2666 667 2745 Hier,
698 2665 844 2750 »Dionys
868 2666 1103 2748 or.hom.14«,
1126 2667 1221 2734 inser.

227 2850 457 2936 dispersor:
487 2852 538 2918 Ps.
561 2855 641 2938 Aug.
665 2854 705 2919 de
727 2855 827 2938 symb.
855 2856 897 2920 ad
927 2857 1047 2922 catech.
1072 2878 1165 2924 serm.
1192 2859 1219 2937 1,

149 2973 179 3051 5,
199 2974 235 3035 12
258 2995 318 3036 non
334 2974 489 3058 plorietar
506 2975 679 3062 dispersor,
700 2976 841 3043 Facund.
860 2974 977 3043 defens.
994 2976 1066 3058 XII,
1082 2978 1101 3041 3
1127 2977 1220 3043 dissi-

145 3105 242 3176 pator
266 3105 294 3156 et
316 3097 537 3180 mysteriorum
560 3096 631 3159 Dei
650 3095 822 3182 dispersor,
846 3095 938 3180 Greg.
961 3095 1015 3176 M,
1040 3133 1075 3144 -
1099 3097 1220 3180 disper-

146 3211 193 3278 sio
216 3212 312 3292 Tert,
336 3211 413 3295 Veg.
437 3235 489 3293 m.,
512 3213 599 3280 Hier.
624 3214 656 3279 in
679 3214 791 3280 Erech.
811 3216 837 3279 11
861 3214 938 3280 aas
961 3213 1003 3279 in.
1024 3214 1218 3300 popalus..

142 3329 263 3415 plodio,
288 3333 470 3417 captiuitati
493 3357 530 3397 ae
553 3333 746 3420 dispersioni
771 3333 912 3399 traditur
933 3334 985 3414 al,
1008 3333 1114 3399 Rufin.
1131 3334 1217 3419 Orig.

143 3449 242 3533 prino.
267 3449 292 3529 I,
316 3452 344 3522 6,
368 3449 454 3526 dal,
479 3471 529 3516 an.
554 3452 587 3516 in
609 3451 667 3518 Iob
691 3451 707 3516 I
728 3474 760 3537 p.
778 3455 814 3518 61
849 3477 869 3516 o
893 3467 980 3518 torre
1004 3456 1218 3521 oontnmaoioe

143 3581 236 3656 atque
264 3569 460 3654 dispersione
485 3569 608 3654 (cion).

221 3737 481 3839 ttsnrsortn:
509 3758 601 3824 Thes.
625 3779 699 3825 nou.
722 3759 779 3825 las.
803 3782 835 3844 p.
858 3762 931 3825 479.

222 3926 475 4014 dispertitio:
511 3929 608 4009 Tert,
636 3928 717 4012 Aug.
746 3929 823 3996 Gen.
854 3930 897 3996 ad
925 3930 971 3996 lit.
997 3931 1034 4012 V,
1068 3934 1107 3996 10
1135 3956 1216 3998 anns

137 4043 217 4128 sons
241 4092 248 4109 .
272 4095 279 4112 .
308 4070 368 4132 per
390 4071 494 4113 omnes
518 4048 753 4136 dispertitiones
776 4073 853 4114 snos
877 4051 1045 4118 ostendens
1069 4052 1215 4116 deterre

144 4175 173 4227 et
196 4165 339 4250 irripans
362 4188 479 4231 omnem
499 4167 615 4252 faeiem
638 4181 749 4234 terroe.
