2970 4942
583 425 623 435 -
670 390 726 453 151
776 333 829 434 -1

166 594 246 658 quae
332 574 463 658 coqnoui
485 620 494 636 .
519 623 526 638 .
549 569 617 638 sine
640 573 707 638 ulla
722 574 929 660 ambiyuitate
945 587 1172 640 caraxaturam
1186 595 1230 642 se.

164 711 227 771 me,
256 691 334 758 loeo.
357 696 456 757 sanct.
479 693 519 771 II,
545 695 559 756 l
597 692 764 760 craxanda
796 704 884 775 sunt,
909 694 933 772 I,
958 695 998 758 10
1030 717 1124 780 quam
1150 717 1231 759 nunc

166 833 362 876 caraxamus
384 812 447 895 (γρ.
470 813 651 895 craxamus)
672 811 889 876 narrationem
910 809 962 891 sl,
984 811 1077 894 gloss.

243 996 457 1060 creabilis:
486 996 568 1079 App.
591 1015 625 1073 s,
653 997 740 1061 Hier.
764 994 836 1061 Did.
859 995 936 1078 spir.
958 1001 1036 1064 sncl.
1063 999 1112 1077 12,
1140 998 1228 1080 Aug,
1277 1028 1280 1033 ·

162 1113 321 1180 Gaudent.
346 1120 386 1178 tr.
413 1115 450 1179 18
481 1117 562 1178 eise
584 1113 777 1200 larqituram
795 1116 1024 1200 possessionem
1046 1112 1229 1179 creabilium

157 1232 339 1332 pollicetur,
359 1255 419 1319 per
440 1255 530 1320 quem
552 1244 659 1298 creata
680 1255 746 1298 esse
767 1233 872 1298 omnia
893 1254 954 1298 nan
976 1235 1131 1318 iynorclnt.

240 1418 410 1485 crestio:
446 1421 514 1485 cccl.
548 1418 635 1484 Hier.
666 1439 717 1503 ep.
750 1420 862 1500 140,6
897 1421 1014 1488 creatio
1045 1419 1226 1505 (significet)

159 1541 229 1605 eius
251 1540 306 1626 qui
321 1539 417 1623 prim
438 1558 499 1602 non
521 1551 591 1602 erat
613 1536 802 1603 conditionis
825 1537 989 1603 scordium
1012 1538 1064 1617 111,
1094 1538 1225 1622 [Rufiu]

159 1658 194 1721 in
217 1657 317 1722 Aa]
338 1656 424 1739 11115,
441 1661 514 1742 leq.
537 1658 756 1723 uniuersorum
777 1658 933 1723 Dominus
955 1658 1025 1723 iure
1049 1660 1226 1740 creationis,

159 1773 257 1857 intpr.
279 1775 313 1839 in
335 1775 515 1840 11111169
550 1773 706 1862 quidquid
736 1775 882 1840 labuerit
916 1777 984 1860 quis
1014 1798 1052 1841 ea
1084 1763 1230 1842 naturali

160 1895 325 1960 creatione.

237 2061 472 2130 ’ereetum
496 2063 617 2129 obser.
641 2063 661 2127 1.
684 2062 804 2129 crestio
825 2062 911 2129 Hier.
936 2083 985 2146 ep.
1004 2053 1073 2145 140,
1098 2067 1117 2130 2
1141 2088 1226 2132 crea·

160 2194 265 2245 turam
287 2181 398 2247 mundi
424 2230 431 2247 .
455 2230 477 2262 .,
509 2180 713 2248 conditionem
739 2181 891 2261 laminis,
924 2181 958 2248 in
983 2181 1023 2247 Is.
1046 2181 1157 2248 XVIII
1182 2185 1225 2249 ed

158 2301 210 2378 65,
234 2300 276 2363 20
294 2298 412 2384 qaudn'i
434 2311 592 2365 aeternam
616 2310 802 2380 mouturam,
825 2320 876 2366 en.
899 2299 931 2364 in
954 2298 1012 2365 Iob
1036 2300 1086 2366 III
1109 2322 1140 2384 p.
1163 2303 1225 2367 228

158 2439 220 2482 non
244 2415 323 2480 diem
345 2417 417 2497 Dei,
440 2439 501 2481 non
525 2469 531 2484 .
556 2464 563 2481 .
588 2429 751 2482 creaturae
772 2418 845 2483 Dei.

102 2635 159 2677 uso
238 2602 503 2669 *credulilssz
527 2603 611 2668 eccl.
627 2622 700 2685 non,
722 2608 759 2669 111
773 2607 851 2670 usit.
866 2602 941 2687 fere,
964 2604 1115 2670 credendi
1129 2625 1225 2689 quee-

161 2723 234 2788 dem
257 2720 404 2803 facilitas,
427 2721 483 2788 sed
498 2722 519 2787 i.
535 2721 668 2790 credilis
685 2722 753 2808 (gl.)
776 2723 827 2788 uel
848 2724 939 2808 quasi
954 2723 1074 2790 dixeris
1095 2723 1225 2790 creden·
1247 2808 1248 2811 Ἴ

158 2841 205 2906 tie
235 2839 335 2924 (quod
366 2860 459 2906 erues
481 2861 499 2906 e
522 2839 688 2927 credensi,
722 2844 863 2924 ortana,
894 2841 980 2926 quod
1008 2847 1057 2908 est
1082 2843 1180 2910 etium
1202 2843 1223 2907 1.

158 2961 322 3048 croyance)
345 2961 439 3044 Gypr.
462 2980 512 3044 ep.
536 2962 576 3023 77
601 2959 657 3044 (ed
679 2959 788 3044 Gypr.)
816 2961 862 3025 sic
883 3008 892 3024 .
916 3008 924 3026 .
940 2960 1033 3047 facis
1054 3009 1062 3026 .
1087 3008 1094 3025 .
1119 2961 1156 3025 de
1179 2983 1225 3027 se·

157 3077 226 3144 cula
248 3077 384 3144 domines
415 3076 461 3141 ad
485 3077 702 3144 credulitatem
725 3078 884 3160 accedere,
911 3078 1029 3147 Arnob.
1052 3080 1091 3160 ΙΙ,
1117 3081 1157 3143 12
1179 3081 1224 3144 in·

157 3196 272 3262 audita
295 3198 347 3262 uis
369 3219 475 3262 rerum
497 3245 504 3262 .
529 3244 537 3261 .
567 3196 613 3261 cd
631 3197 728 3261 unius
751 3196 950 3263 credulitatis
973 3220 1134 3264 assensum
1156 3221 1224 3264 con·

156 3340 284 3382 currere
303 3330 409 3404 yentes
439 3367 446 3382 .
471 3365 478 3382 .
495 3316 588 3403 fecit,
612 3319 641 3397 6,
665 3318 695 3397 8,
719 3316 1094 3397 3421.,Zen.1tr.1,1
1119 3316 1224 3382 Alsa-

155 3436 229 3500 lam
256 3435 383 3522 placuit
403 3436 474 3500 Dea
501 3434 689 3499 credulitate
718 3436 783 3498 sine
812 3437 892 3521 que,
924 3433 1012 3501 Hier.
1034 3435 1068 3500 111
1089 3434 1221 3504 Philem.

97 3559 100 3564 '
154 3552 396 3639 ed10,4sqq.
427 3577 492 3618 una
520 3565 613 3640 atque
640 3553 747 3618 eadem
773 3552 944 3618 credulitas
967 3556 1002 3618 in
1022 3553 1153 3640 Moysen
1175 3576 1223 3617 re·

147 3672 262 3760 fertur
284 3683 313 3736 et
335 3673 369 3737 in
391 3672 510 3750 Deum,
536 3685 572 3737 ut
597 3673 736 3760 populns
755 3674 810 3759 qui
830 3671 974 3736 credebat
995 3674 1027 3736 in
1048 3673 1223 3736 Dominum

155 3812 253 3876 aeque
274 3789 448 3855 credidisse
471 3790 601 3858 dicatur
623 3792 657 3854 in
679 3813 821 3870 seruum,
851 3790 895 3855 id.
919 3791 973 3856 Or.
995 3792 1029 3855 in
1050 3789 1166 3856 Ezeoh.
1189 3791 1221 3856 h.

155 3911 186 3991 5,
209 3910 228 3973 3
252 3910 348 3975 malta
371 3909 461 3974 nelis
482 3909 595 3974 utilius
612 3910 727 3995 fuerat
750 3908 860 3974 diuino
883 3931 944 3974 non
963 3907 1136 3974 credidisse
1158 3932 1222 3973 ser·

154 4030 252 4108 moni,
286 4052 381 4116 quom
398 4041 473 4113 post
501 4027 720 4093 credulitatem
742 4027 844 4093 adhuc
863 4050 993 4092 rursum
1022 4026 1068 4092 ad
1090 4040 1221 4115 peccata

155 4147 312 4230 conuerti,
342 4171 422 4234 quae
452 4160 523 4212 ante
551 4149 759 4216 commisimus
783 4146 840 4228 aL,
871 4146 989 4232 Rufin,
1020 4152 1056 4216 ut
1079 4147 1164 4236 Orig.
1187 4147 1220 4217 in
