2970 4936
531 455 770 538 Lm-

128 679 290 743 constaret,
311 663 422 742 XXIX,
432 659 469 740 ’2,
489 666 526 728 15
549 661 654 727 horret
674 661 843 740 reminisci,
865 680 924 742 quo
946 655 1065 720 insitio
1087 654 1185 717 iumi-

127 783 209 850 lito'ti
231 797 273 851 tot
295 806 400 847 rerum
423 785 527 867 apices
555 780 739 844 uisebantur
761 790 790 842 ct
809 778 980 862 praecipue
1001 776 1185 838 consulares.

206 976 351 1036 iesum:
374 991 433 1056 pro
456 969 603 1035 deorsum
626 970 719 1050 (corr.
742 966 774 1030 in
798 964 938 1043 deosum,
962 961 1046 1028 unde
1072 979 1186 1038 zosum‚

127 1093 238 1166 iesum,
259 1092 373 1166 iusum,
395 1088 463 1155 ital.
480 1090 580 1172 giuso,
604 1088 658 1171 giiu
672 1089 746 1170 etc.)
769 1085 864 1164 Tert„
888 1086 966 1166 Aug.
984 1083 1120 1176 (sursum
1136 1100 1188 1145 me

128 1212 276 1290 honoras,
308 1212 412 1277 insum
437 1209 567 1292 calcas),
595 1208 682 1274 Cass.
704 1205 769 1272 Fel.
795 1208 887 1290 191³.
911 1205 951 1269 29
980 1215 1015 1268 ut
1038 1204 1086 1287 ori
1110 1203 1189 1266 circae

127 1330 302 1418 peodc'qinic
331 1333 437 1395 iusum
464 1327 747 1406 occumbebant,
780 1324 900 1414 Mustio
928 1342 1057 1408 gynaec.
1079 1321 1103 1401 Ι,
1130 1321 1188 1386 103

130 1451 278 1534 (iniusum
310 1450 353 1515 ib.
378 1450 417 1529 Π,
444 1452 483 1514 14
518 1450 558 1512 ab
592 1445 737 1511 umbilico
767 1453 914 1516 iniussum
937 1442 978 1519 ΙΙ,
1000 1444 1050 1520 50,
1081 1446 1117 1506 ut
1144 1441 1190 1505 in·

130 1590 252 1634 sursum
275 1571 317 1635 ib,
341 1570 382 1649 ΙΙ,
409 1572 470 1654 18).
508 1569 555 1635 Gi.
580 1567 706 1632 Rdnsch
729 1566 766 1631 lt.
790 1586 821 1650 p.
838 1565 902 1636 460
912 1584 970 1647 sq.,
1000 1561 1076 1626 Diez
1098 1562 1188 1627 Rom.

130 1690 272 1756 Gramm.
290 1689 321 1754 ΙΙ
343 1709 374 1774 p.
390 1690 462 1754 469.

80 1897 131 1937 noo
211 1880 414 1941 irritamen:
445 1874 601 1958 Hilar.('?)
629 1876 662 1939 in
691 1873 762 1939 Gal.
786 1876 841 1948 64,
870 1871 1017 1936 Eusieth.
1039 1869 1189 1934 Hexaem.

134 1997 216 2076 VIII,
233 1999 252 2062 6
276 2009 378 2062 certae
398 1998 540 2063 uolucres
558 1996 602 2059 od
614 1994 799 2060 nutriendos
824 2041 831 2056 .
855 2041 862 2056 .
885 1992 970 2072 fctus
984 1990 1193 2056 masculorum

132 2119 293 2182 innomine
315 2139 375 2182 non
396 2128 536 2194 utuntur,
561 2113 683 2192 ssoeth„
700 2112 853 2186 Cassiod,
873 2115 955 2176 auct.
972 2110 1043 2174 hist.
1062 2108 1190 2172 Dedan.

132 2235 226 2319 (DV),
249 2238 320 2302 Acr.
345 2236 388 2301 ad
411 2236 487 2302 Hor.
504 2256 553 2318 ep.
572 2239 599 2314 5,
622 2235 640 2298 8
664 2235 700 2316 (r.
718 2232 791 2315 (ig.)
814 2256 834 2295 a
858 2231 1015 2295 innomine
1036 2227 1191 2291 hominum

59 2427 63 2433 ,
130 2358 221 2422 Iouis
245 2356 352 2434 dictus,
378 2355 471 2438 Greg.
494 2354 535 2417 Μ.

209 2539 439 2623 inuruntur:
467 2556 558 2621 Thes.
581 2576 653 2620 nou.
676 2555 731 2620 lat.
755 2575 786 2639 p.
810 2557 882 2619 nro.

210 2733 428 2825 tabescere:
455 2742 557 2824 nuci.
576 2759 661 2844 Orig.
677 2760 710 2823 in
728 2761 816 2825 nom.
833 2757 887 2837 lx,
904 2760 943 2823 32
960 2761 999 2840 (r.
1015 2757 1086 2842 og.)
1110 2755 1194 2842 quoe

133 2892 251 2966 tempus
274 2880 497 2944 labescentibus
520 2882 656 2967 quotidie
679 2881 783 2944 diebus
811 2882 998 2965 appropiat,
1030 2891 1059 2941 et
1079 2885 1190 2962 epotis,

133 3023 212 3086 quoe
230 3002 417 3085 praeteritis
444 3013 610 3079 occantur,
634 3001 763 3086 foturis
794 3008 856 3064 sinc
885 2999 976 3066 dubio
1000 3002 1192 3078 minuuntur,

133 3118 225 3184 nun
249 3118 335 3184 mue
352 3121 431 3202 urg.
448 3121 490 3185 oo
513 3122 545 3182 u
568 3127 676 3185 comm
697 3122 832 3184 cresci.
877 3120 941 3185 see
961 3120 1045 3185 uem
1067 3091 1193 3184 unitur

133 3259 202 3304 esse
236 3246 344 3304 notum
376 3239 503 3322 pridem
535 3261 593 3323 per
625 3241 811 3306 Diomedem
844 3242 967 3306 utici:
1003 3238 1038 3304 »1
1062 3260 1093 3323 p.
1110 3240 1188 3302 344·

132 3357 243 3443 lepsor
266 3359 459 3436 iteretiuum
482 3360 699 3426 inchoetiuum
721 3360 867 3427 lebiscor.
907 3359 1033 3425 Etenim
1057 3363 1193 3443 utroque

132 3476 286 3542 inclinatu
310 3484 342 3541 et
367 3476 532 3543 labescere
555 3484 587 3544 et
608 3478 738 3557 ichasei,
762 3479 909 3544 fatiscere
925 3486 958 3544 et
973 3480 1076 3544 fatisci
1097 3477 1193 3562 (deie-

124 3598 217 3680 tisoi)
241 3596 464 3680 loquebantur,
489 3598 678 3682 omninoque
702 3597 829 3680 saepius
851 3598 952 3664 uerba
970 3598 1194 3664 inchoatione

132 3717 269 3800 passiuis
293 3716 428 3782 oriunda
456 3717 564 3782 formis
595 3718 734 3784 eotiuem
762 3724 870 3784 tomen
897 3723 1024 3785 constet
1052 3718 1193 3784 induisse

132 3835 278 3914 formem,
301 3835 400 3902 ueluti
422 3857 452 3901 u.
479 3857 504 3902 c.
528 3856 708 3921 augescere,
735 3858 946 3920 generusoere.

211 4037 426 4105 tabescere:
451 4039 564 4120 Plaut,
588 4041 668 4116 Ten,
693 4042 793 4122 huon,
818 4042 1101 4121 atriunculi,
1122 4044 1151 4116 3,
1174 4046 1193 4108 6

89 4187 90 4190 “
134 4181 171 4221 nc
193 4160 370 4226 istiusmodi
390 4162 566 4225 rationibus
582 4170 731 4226 sententio
747 4164 802 4227 tibi
815 4163 937 4247 piscito
952 4165 1100 4239 labascat,
1123 4162 1149 4242 I,
1164 4163 1193 4227 3.

135 4276 306 4361 Complura
326 4280 422 4344 etiam
443 4280 508 4346 elie
527 4279 612 4364 apud
635 4282 869 4348 Memorium
891 4282 994 4347 denuo
1009 4288 1194 4366 comparent
