2964 4942
555 405 788 485 -me

214 593 1210 691 immmfflummmmmffl

136 752 169 814 p.
192 732 233 794 56
257 728 373 808 uiolae,
395 727 438 792 ib.
461 748 493 810 p.
518 729 558 793 58
581 725 717 807 feniculi,
741 729 782 792 49
804 749 836 811 p.
859 730 929 807 129,
954 729 994 793 62
1017 749 1049 812 p.
1075 728 1134 792 155
1159 725 1210 805 ah,

137 886 178 896 -
201 847 356 912 Hortinus
378 868 399 911 a
421 845 526 911 Horta
541 844 638 928 Verg.
661 845 834 929 (hortensis
855 846 942 913 Gaas.
958 846 1026 912 Fal.
1044 848 1083 912 75
1099 868 1131 930 p.
1150 847 1209 911 182

138 966 331 1051 pastinaca).
388 945 390 948 ⁵

217 1171 458 1235 hortulanus
481 1189 520 1236 a:
543 1169 574 1233 S.
598 1168 628 1233 S.
652 1173 717 1234 net.
742 1171 779 1254 (s.
805 1174 838 1236 et
860 1169 975 1255 Vulgi,
998 1169 1091 1255 App,
1114 1171 1210 1251 Toni,

137 1288 223 1354 Hier.
248 1310 297 1373 ep.
322 1290 372 1364 65,
399 1293 412 1352 Ι
439 1288 490 1368 al..
514 1286 626 1367 Maon,
649 1287 742 1353 inser.

215 1508 457 1591 *hospitale
486 1529 527 1576 s.:
558 1508 639 1575 viu.
670 1508 844 1594 hospitalia
872 1511 929 1594 (so.
961 1528 1044 1592 quae
1073 1513 1148 1574 aunt
1175 1509 1210 1576 in

139 1626 274 1692 aedibus
303 1628 468 1711 priuatis),
503 1636 522 1691 i.
550 1626 713 1711 publicum
740 1627 972 1694 xenodochium
998 1628 1088 1694 Paul.
1118 1628 1208 1697 Diae.

138 1746 207 1810 uita
229 1745 259 1812 S.
284 1745 377 1829 Greg.
401 1749 443 1811 29
471 1769 547 1831 quoe
572 1770 631 1832 per
658 1745 849 1812 menodoehio
875 1771 931 1812 eeu
961 1749 1127 1814 diaconiae
1158 1750 1211 1814 uel

137 1865 491 1951 hospitalioetipeudiio
507 1865 635 1929 alendos
650 1866 867 1932 eooleaiaatieie
882 1865 1101 1947 militauerat,
1111 1866 1207 1950 gloss.

136 1987 305 2071 κατάλυμα.

212 2208 958 2310 mmmmmmmmm

214 2448 494 2531 hospitiolum:
518 2445 589 2528 le.
612 2445 694 2528 hig.
719 2444 806 2510 Hier.
829 2447 879 2529 (nt
900 2449 933 2510 et
953 2445 987 2510 in
1008 2444 1051 2510 Is,
1065 2445 1143 2511 XVI
1164 2445 1208 2512 ad

133 2567 183 2646 58,
208 2566 227 2627 6
249 2585 297 2647 eq.
326 2577 374 2644 ut,
405 2567 436 2629 ei
464 2576 551 2627 tuom
580 2563 737 2648 (domum)
770 2586 831 2628 uon
864 2563 975 2645 habea,
1009 2564 1142 2631 iudaeae
1173 2568 1206 2630 iu

132 2683 340 2768 hospitiolum,
364 2690 447 2768 quod
468 2682 520 2746 uel
540 2681 677 2746 meroide
700 2680 884 2748 conductum
906 2691 956 2748 uel
977 2685 1119 2769 beneficio
1129 2708 1205 2770 poa·

132 2804 226 2884 eides,
253 2800 292 2867 of.
313 2801 342 2866 H
364 2823 396 2886 p.
419 2803 484 2884 46),
515 2801 671 2866 Adaman.
700 2801 758 2867 nit.
781 2802 848 2869 Col.
873 2805 930 2885 111,
955 2806 973 2869 2
1004 2789 1044 2870 ab
1074 2805 1203 2872 ercurio

133 2930 175 2986 ad
197 2921 397 3008 hospitiolum
417 2933 574 2986 reuertens
600 2920 641 2986 al.
665 2945 668 2961 ·

79 3167 130 3208 aio
210 3143 447 3209 hostilitas:
478 3142 613 3209 testibus
642 3164 722 3228 quos
750 3146 802 3211 eit.
827 3145 936 3223 Quioh.
959 3152 992 3214 et
1015 3147 1073 3213 DV
1095 3152 1203 3214 auoto-

129 3264 232 3330 ratior
259 3268 291 3328 et
320 3267 451 3347 praeter
479 3261 625 3329 Sirieium
653 3262 812 3348 antiquior
839 3269 888 3332 ent
916 3266 1023 3332 Sidon.
1047 3285 1096 3348 ep.
1121 3264 1158 3342 V,
1182 3266 1201 3330 3

130 3393 267 3469 tempore
288 3383 488 3472 hostilitatis.

204 3605 455 3671 *humanitas
481 3617 635 3670 morou:
664 3607 758 3689 App,
782 3605 908 3686 Minue,
931 3608 1018 3689 Aru,
1040 3606 1126 3673 Hier.
1150 3629 1199 3691 ep.

127 3729 220 3806 55‚5
256 3726 483 3792 humanitatem
509 3726 566 3790 hoo
593 3727 659 3791 loco
682 3729 811 3793 dicimur
839 3751 900 3793 uou
928 3728 1200 3792 mansuetudinem

127 3859 156 3910 et
179 3849 369 3912 elementiam
392 3845 698 3931 (Menaohliohlteil)‚
729 3854 783 3910 aed
812 3869 899 3911 omne
927 3847 1084 3914 homiuum
1104 3869 1199 3926 peuua

128 3963 195 4046 (die
219 3963 440 4049 Mensohheit).

205 4183 449 4254 humaniter:
471 4209 520 4271 pr,
544 4188 619 4269 cia,
643 4188 770 4254 Ianuar.
794 4185 910 4273 Nepot.
934 4190 963 4265 9,
985 4188 1014 4258 3.
