2964 4942
701 369 935 434 -294-

283 556 373 622 utin
395 555 487 622 Cant.
510 559 550 622 tr.
569 559 583 619 l
608 576 641 638 p.
658 555 720 620 509
742 553 923 636 forinsecae
945 566 1114 633 remanent,
1130 553 1258 637 aVulg.
1280 553 1369 637 ulia,

283 677 384 759 Auga
412 674 554 760 (Rbueoh
576 675 615 740 It.
638 696 670 758 p.
694 675 781 757 230),
805 674 910 739 Rufin.
930 673 1015 758 Orig.
1037 673 1070 738 iu
1092 694 1141 757 pe.
1166 675 1209 738 36
1234 673 1276 738 h.·
1295 676 1326 752 2,
1350 676 1369 739 6

283 819 343 863 non
372 796 473 862 sciam
500 797 691 876 forinsecas,
722 793 780 858 sed
808 796 900 858 etiam
921 795 1109 860 intrinsecas
1140 796 1175 858 in
1203 816 1288 879 paca
1312 807 1367 875 est,

237 900 240 910 ¹
285 917 376 983 Orco.
399 914 430 980 h.
453 914 496 994 Π,
522 915 560 980 13
584 913 757 1000 superfusa
781 914 962 993 forinsecas
987 913 1075 992 bella,
1099 911 1245 978 Cassian.
1267 911 1367 979 Goon.

284 1034 361 1100 lust.
386 1037 422 1114 V,
449 1038 485 1098 ll
510 1033 563 1114 al,
591 1032 699 1099 Sidon.
729 1033 872 1117 ep.1,9
907 1056 979 1111 crya
1014 1023 1226 1118 capedimdas
1261 1032 1368 1116 forin-

285 1177 373 1220 secus
390 1153 580 1218 ambientum
594 1155 792 1218 necessitates
807 1157 840 1218 et
854 1171 952 1235 saep„
968 1151 1111 1218 Cassiod.
1123 1152 1156 1217 in
1171 1172 1220 1234 ps.
1237 1153 1310 1230 107,
1326 1157 1366 1219 15

285 1276 379 1355 iacti,
410 1275 553 1360 quemme
584 1273 761 1355 forinsecas
790 1274 993 1359 affliqantnm
1023 1276 1064 1338 al.
1095 1293 1124 1356 q.
1154 1271 1241 1338 fores
1269 1273 1366 1366 App,

285 1394 382 1460 Soliu.
408 1396 451 1477 (1,
477 1393 568 1475 120),
604 1391 690 1457 Hier.
720 1391 753 1456 in
783 1391 897 1457 Erech.
922 1394 997 1459 XIV
1019 1391 1062 1458 ad
1084 1393 1140 1490 47,
1162 1395 1265 1474 lsqq.
1296 1415 1367 1456 cam

285 1537 331 1576 mc
354 1513 497 1577 dnamset
515 1535 576 1599 per
594 1522 723 1597 portam
743 1510 923 1592 forinsecas
938 1509 983 1577 ad
995 1513 1092 1588 uiam,
1114 1532 1163 1595 ep.
1182 1512 1233 1590 98,
1250 1513 1295 1575 20
1311 1513 1366 1592 aL,

286 1630 498 1709 Oroah.11,
529 1633 549 1695 4
581 1632 720 1694 nr'rtates
748 1631 930 1715 forinsecas
962 1633 1141 1711 emicantes,
1175 1629 1262 1695 Coel.
1288 1633 1365 1696 Aur.

286 1749 371 1815 tard.
389 1749 430 1829 ΙΙ,
449 1752 476 1844 l,
499 1750 518 1812 Ι
543 1749 663 1814 labium
686 1751 832 1836 superine
851 1750 1006 1837 paralysi
1024 1752 1170 1816 uitiatam
1190 1752 1367 1815 innectitur

287 1870 476 1949 forinsecas.
521 1868 567 1933 Cf.
593 1868 781 1935 altrinsecus
804 1870 945 1954 (dequo
968 1870 1034 1955 aL),
1060 1845 1240 1937 utriusecus
1264 1873 1365 1955 (auct.

290 1993 382 2054 Aet-u.
407 1989 494 2072 505),
522 1987 683 2053 entiseous
705 1987 799 2072 gloss.
822 1989 907 2074 Cyn,
929 1995 1097 2074 postsecus
1119 1990 1195 2055 Isid.
1220 1990 1288 2071 0r.‚
1313 1991 1368 2074 gl,

290 2107 503 2174 circumsecus
526 2108 620 2192 App,
644 2109 768 2174 insecus
791 2108 841 2192 gl,
868 2109 1067 2188 intrinsecus,
1092 2110 1300 2175 extrinsecus.

367 2279 498 2346 *foris
515 2303 652 2366 praep.
676 2279 790 2363 (bors):
815 2278 844 2345 S.
863 2277 893 2344 S.
917 2282 964 2363 (ei
979 2278 1084 2364 Vulg.)
1108 2281 1206 2364 Apoc.
1231 2281 1367 2364 (atrium

289 2399 375 2485 quod
399 2404 448 2465 est
469 2399 547 2464 foris
570 2389 739 2482 templum)
763 2403 796 2463 et
817 2397 958 2464 Cassiod.
983 2400 1022 2482 (c.
1046 2399 1138 2476 obla:
1169 2399 1301 2465 Rbnsch
1324 2401 1364 2465 It.

289 2542 322 2604 p.
345 2521 407 2585 398
437 2521 478 2602 (e.
499 2538 570 2601 gen.
601 2519 632 2582 S.
655 2518 686 2582 S.
715 2523 779 2583 uat.
807 2516 916 2583 Meta:
943 2518 1016 2603 ia),
1048 2518 1128 2584 Viot.
1152 2517 1215 2584 vit.
1238 2539 1367 2602 perseo.

291 2638 393 2704 Vand.
412 2640 436 2718 Ι,
462 2641 501 2702 12
525 2637 611 2718 forie
634 2638 792 2702 cinitatem
812 2638 899 2723 peili,
921 2637 964 2702 ib.
984 2640 1013 2719 5,
1039 2640 1088 2719 16,
1113 2640 1166 2717 lv,
1190 2640 1219 2717 3,
1247 2642 1298 2716 15,
1323 2639 1367 2705 ib.

293 2761 331 2824 16
354 2778 380 2823 c.
398 2758 462 2823 abl.
483 2758 572 2842 foris
595 2759 723 2822 ciuitate
738 2759 833 2842 same
856 2769 885 2821 et
906 2756 1052 2822 nuditate
1075 2759 1263 2838 laborantes,
1288 2758 1369 2844 Reg.

291 2877 445 2945 Beued.3
472 2900 567 2964 neqne
584 2891 774 2962 praesumat
795 2879 965 2964 qnisquam
989 2901 1056 2942 cnm
1079 2875 1191 2941 abbate
1212 2900 1271 2940 sno
1289 2902 1371 2962 pro-
1434 2943 1437 2950 ⁴

292 3009 376 3062 terne
405 3000 456 3062 nei
481 2996 565 3079 foris
595 2998 821 3061 monasterinm
851 2995 1044 3078 contendere,
1078 2996 1121 3062 ib.
1144 2998 1184 3061 43
1215 2997 1245 3060 si
1271 3000 1371 3082 foris

292 3121 433 3185 oratorio
467 3120 510 3202 (u.
541 3118 612 3184 lect.
642 3119 831 3204 oratorium)
861 3131 1056 3198 remaneant,
1088 3120 1127 3183 67
1164 3139 1371 3204 quaecunque

292 3239 374 3318 foris
397 3239 622 3303 monasteriam
643 3238 773 3304 uiderit.

364 3410 625 3496 formabilis:
660 3410 737 3494 Aug.
768 3409 822 3474 lib.
852 3409 921 3474 arb.
949 3408 991 3488 ΙΙ,
1020 3409 1071 3483 45,
1100 3408 1141 3470 46
1164 3405 1221 3483 aL,
1255 3403 1369 3487 Prud,

273 3527 437 3594 'Chalcia
460 3529 493 3593 in
516 3529 594 3594 Tim.
618 3532 677 3593 201
704 3526 870 3592 eorundem
897 3527 1068 3611 (minorum
1091 3524 1371 3609 corpusculorum)

294 3648 448 3712 cimilian
465 3648 688 3735 (ὁμοιομερῶν)
712 3649 795 3712 inter
817 3670 850 3712 se
872 3646 1134 3725 conqiobationcm
1152 3635 1372 3730 formabilem,

294 3774 330 3832 ut
352 3769 568 3851 Anaxagorae,
592 3767 638 3832 01.
663 3766 760 3832 Mam.
784 3787 836 3832 au.
859 3766 917 3847 111,
941 3768 970 3845 6,
994 3767 1013 3830 2
1037 3764 1078 3830 al.

241 3978 294 4019 aa
370 3936 628 4020 taracinam:
666 3957 744 4040 sug.
776 3955 855 4020 oen.
886 3955 928 4020 aa
955 3953 1004 4020 ut.
1027 3956 1063 4032 v,
1092 3956 1111 4016 4
1145 3955 1182 4017 rc
1203 3927 1373 4038 principa
1428 3925 1430 3930 ’

295 4073 372 4156 fecit
394 4073 484 4138 Dens
508 4073 625 4136 coelam
649 4084 676 4135 et
699 4085 818 4138 terram
840 4072 1010 4139 secandam
1031 4074 1184 4137 materiae
1199 4077 1373 4156 quandam,

296 4205 337 4257 nt
358 4194 419 4258 ita
443 4193 591 4274 dicam,
615 4175 885 4271 formabilitatem.
1012 4185 1026 4275 Ἰ
