2940 4936
550 430 806 515 x<rr--

249 613 544 680 circumsessio:
569 613 633 680 Cic.
655 633 690 692 s.,
714 613 799 678 Hier.
817 634 900 677 nom.
916 612 1007 678 hebr.
1024 634 1056 696 p.
1074 617 1113 678 16
1136 614 1239 678 Saba·
1324 651 1325 654 =

170 735 293 814 tirocino,
316 732 502 799 struentem
526 743 554 794 te
576 733 642 795 siue
665 731 882 796 circumsessio
907 744 971 797 tua.

248 905 581 1002 ctrsuusuuauur:
608 925 691 985 ausu.
712 920 806 996 Ques.
822 917 861 998 11,
885 922 905 982 4
927 919 1021 984 uena
1044 967 1051 981 .
1077 965 1084 980 .
1106 919 1239 981 umato

170 1039 436 1125 circumforanus,
459 1041 733 1126 circumspectator
756 1036 910 1120 callidum
934 1075 973 1084 -
996 1037 1239 1118 circumspecta·

169 1158 234 1223 trix
256 1157 362 1222 Plaut.

248 1315 552 1398 circumspecte:
576 1315 647 1380 Seu.
664 1314 739 1380 dial.
761 1317 813 1394 IX,
833 1318 881 1392 ll,
906 1317 924 1377 2
947 1313 1053 1379 omnia
1076 1359 1083 1375 .
1108 1359 1115 1373 .
1132 1310 1239 1396 faciet

170 1447 236 1496 tum
259 1435 488 1517 circumspecte,
515 1452 656 1514 compar.
683 1431 804 1498 »benet
829 1434 884 1512 ΙΙΙ,
911 1435 967 1497 14«
993 1431 1034 1496 al.

128 1642 169 1682 uo
248 1603 536 1702 circumstare:
565 1620 783 1684 Priscianus
805 1619 909 1684 uenus
930 1622 1020 1702 pus
1043 1619 1128 1685 Rosa
1151 1620 1240 1699 (uen-
1359 1653 1363 1665 ·

169 1739 235 1820 tos)
260 1749 316 1801 aut
338 1740 494 1822 quiescere
506 1739 602 1824 flatu,
626 1752 683 1804 aut
699 1740 977 1825 circumspicientes
992 1740 1024 1802 in
1041 1739 1177 1802 circuitu
1192 1760 1240 1800 re·

169 1858 349 1942 cipieutium
380 1880 413 1921 se
441 1858 576 1921 locorum
598 1857 706 1922 uideri
729 1882 768 1922 ea
790 1859 892 1923 ultera
909 1858 1068 1942 positione
1089 1857 1240 1942 impetum

169 1977 288 2060 facere.

198 2188 201 2194 .
247 2127 569 2228 circumplaudere
597 2148 697 2213 ffitar.
713 2148 807 2213 Picta
831 2140 851 2220 c
871 2169 901 2230 p.
920 2149 978 2212 us
998 2146 1074 2222 tutu
1089 2129 1430 2296 inminuamus
1444 2250 1468 2288 n

248 2317 596 2416 circumspumare:
631 2314 729 2381 Lucii.
758 2316 913 2382 Moriend.
946 2337 1004 2399 pro
1038 2315 1096 2381 Dei
1125 2316 1182 2380 Fil.
1207 2336 1238 2398 p.
1257 2251 1420 2413 &gissuni

171 2436 254 2517 1014
269 2435 310 2499 M.
332 2435 428 2500 uadis
443 2436 685 2522 infestationum
703 2436 1051 2520 circumspumantibus,
1075 2436 1126 2498 Ps.
1144 2433 1239 2517 Cypr.
1329 2477 1331 2482 ·

169 2553 269 2637 (laud.
295 2559 387 2618 murt.
411 2556 454 2637 4).

247 2723 580 2789 circumstantia:
608 2736 717 2789 meten.
741 2725 834 2804 Tert,
863 2725 949 2791 Hier.
980 2725 1013 2788 in
1041 2723 1155 2789 Erech.
1178 2726 1239 2790 XII

169 2840 213 2906 ad
229 2843 281 2922 40,
300 2845 415 2926 l4sqq.
440 2843 593 2930 quaedam
606 2856 740 2930 propter
755 2857 900 2910 ornatum
910 2846 1030 2929 posita,
1056 2844 1279 2932 9111118911--

167 2962 299 3038 machus
321 2964 550 3049 interpretatur
573 2966 850 3047 circumstantias,
873 2965 912 3028 id
936 2977 982 3028 est
1004 2967 1125 3028 stantia
1148 2988 1240 3050 quoe·

170 3079 245 3143 dom
268 3093 296 3143 et
320 3080 358 3144 de
386 3094 490 3145 terrae
519 3083 583 3148 solo
613 3094 714 3146 erecta
744 3085 777 3146 in
804 3084 951 3161 sublime,
985 3082 1097 3146 transl.
1121 3083 1237 3163 Quint,

169 3198 260 3278 Gelu,
285 3200 380 3277 Tert,
405 3202 482 3284 Aug.
506 3223 532 3266 c.
557 3201 714 3266 arescent.
735 3204 788 3281 IV,
814 3205 853 3266 16
875 3225 928 3266 nec
952 3224 991 3266 ea
1014 3202 1087 3287 epea
1111 3203 1239 3266 arcum-

170 3321 291 3384 stantia
315 3321 454 3384 lectionis
478 3319 557 3404 quid
578 3323 622 3384 sit
644 3321 810 3407 inteilcpis,
832 3321 876 3385 id.
901 3341 927 3385 c.
952 3321 1031 3385 duas
1055 3321 1159 3402 epistt.
1182 3321 1239 3386 Pe·

169 3437 232 3520 lag.
255 3436 280 3522 I,
308 3441 343 3500 11
368 3438 421 3517 al,
446 3439 536 3503 Orou.
557 3438 588 3504 h.
611 3440 636 3518 I,
664 3442 701 3502 12
724 3463 770 3502 me
794 3439 831 3503 de
855 3454 945 3504 tanta
967 3441 1122 3505 malorum
1145 3441 1241 3505 seculi

171 3557 410 3621 circumstantia
430 3561 608 3642 praeterire
623 3560 781 3644 plurima,
800 3559 866 3633 VII,
888 3561 928 3623 38
952 3559 1009 3623 sub
1031 3559 1089 3624 isac
1111 3563 1240 3625 necessi-

172 3676 246 3738 tatis
270 3676 505 3739 circumstantia
527 3678 579 3752 al.,
602 3675 713 3742 Bosth.

248 3846 631 3912 circumterminare:
655 3847 733 3912 Mar.
751 3847 903 3913 Victoria.
927 3847 1002 3913 adu.
1022 3849 1132 3914 Arium
1153 3848 1179 3928 I,
1196 3849 1234 3914 31

168 3961 301 4048 ipsese
327 3965 431 4048 ipsum
460 3967 773 4046 circumterminauit,
804 3966 883 4049 Aug.
907 3987 934 4031 c.
959 3967 1119 4034 Adimant.
1144 3971 1194 4048 28,
1218 3971 1237 4031 2

168 4103 228 4144 non
246 4085 344 4146 ,enim
376 4084 474 4147 Deum
501 4085 614 4171 forma
644 4110 793 4171 corporeo
824 4089 1108 4167 circumterminat,
1140 4087 1236 4170 intpr.

169 4199 250 4262 Iren.
275 4201 370 4285 (DV),
394 4203 469 4267 Isid.
495 4204 641 4288 (Quian).
