2970 4942
695 413 923 478 -130-

349 606 556 701 consputum
587 641 627 684 s.:
655 617 798 684 Cassiod.
821 619 854 681 iu
883 637 931 700 ps.
955 618 1005 695 68,
1033 621 1064 679 ll
1094 617 1246 704 fimella,
1281 642 1358 684 con·

270 747 374 822 sputa,
400 760 480 824 quoe
504 787 511 802 .
537 786 544 802 .
565 762 736 824 perpessus
759 751 813 818 est,
837 776 876 786 -
900 757 960 820 pro
983 736 1186 819 consputatio
1202 735 1282 802 Isid.

348 923 658 1008 constabularius:
686 943 776 1008 rues.
799 963 873 1008 nou.
896 941 952 1008 tar.
976 963 1008 1025 p.
1032 944 1104 1008 511.

218 1139 271 1178 ⁹⁷⁸⁰
348 1110 653 1194 constantiensis:
681 1131 711 1194 S.
736 1129 807 1194 Rus.
831 1129 920 1194 breu.
944 1131 984 1192 27
1018 1151 1130 1191 uerum
1164 1127 1351 1213 Sinqarcna

271 1248 325 1330 (sc.
342 1250 462 1330 pugna)
483 1260 648 1332 praesente
667 1247 858 1326 Constantio,
883 1250 1043 1312 etiterum
1059 1247 1247 1332 Sinynmnn,
1268 1248 1350 1313 Con·

270 1368 435 1431 stantiemu'
464 1391 583 1453 quoquc
612 1368 657 1451 (h.
680 1390 708 1433 o.
729 1368 764 1431 in
794 1387 859 1450 qua
887 1367 959 1450 ipss
987 1387 1112 1450 quoquo
1135 1368 1348 1433 Constantius

269 1505 421 1568 praesens
443 1486 527 1569 fuit),
552 1499 580 1549 et
602 1509 670 1549 cum
685 1485 806 1552 Amida
822 1500 917 1572 capto
940 1497 994 1564 cn,
1015 1508 1117 1570 ⁴qrvcuc
1134 1487 1191 1548 sub
1207 1509 1241 1550 eo
1254 1489 1348 1572 priu-

270 1605 339 1690 cipe
361 1627 412 1669 res
433 1629 466 1691 p.
490 1604 608 1668 uulnus
632 1608 757 1691 accepit.
793 1605 839 1670 Of.
857 1605 939 1670 3542
963 1610 995 1668 ot
1016 1603 1234 1668 Caesariensis
1251 1605 1347 1688 (Gae-

270 1724 336 1806 sor)
360 1723 432 1788 Tao.

347 1899 636 1976 consternimur:
664 1931 756 1976 anon.
780 1912 813 1975 in
836 1911 894 1978 Iob
912 1914 942 1977 ΙΙ
965 1933 995 1995 p.
1016 1914 1075 1975 197
1099 1911 1254 1996 numquid
1276 1936 1348 1977 con-

271 2039 451 2093 sternantur
473 2032 575 2096 tulisti
596 2035 734 2117 requiem
758 2047 786 2096 ct
806 2033 968 2119 cluniam?

232 2239 270 2279 oso
349 2223 614 2306 constipatio:
649 2221 705 2285 Iul.
733 2221 802 2284 vat.
826 2221 882 2298 ΙΙΙ,
910 2225 946 2285 15
982 2245 1086 2285 corum
1117 2223 1347 2307 constipatione

198 2369 199 2372 ¹
270 2337 438 2419 custodior,
457 2339 593 2422 Vopisci,
619 2341 729 2414 Amm..
746 2341 861 2404 Nanar.
878 2360 963 2422 pan,
988 2340 1074 2404 Hier.
1092 2340 1125 2404 in
1141 2340 1196 2404 ΕΖ.
1218 2339 1278 2407 VII
1294 2364 1345 2425 pr.

269 2457 509 2522 occidentalium
530 2459 618 2546 fuya
646 2473 674 2522 et
704 2472 884 2524 sanctorum
913 2459 1049 2523 locorum
1077 2462 1266 2546 constipatio
1290 2464 1345 2542 al.‚

269 2575 373 2640 Rufin.
391 2576 477 2658 Orig.
500 2579 532 2641 in
556 2577 652 2642 Num.
670 2581 720 2658 tt,
750 2581 795 2646 12,
821 2579 899 2660 Aug.
924 2599 1017 2641 serm.
1042 2580 1108 2654 137,
1134 2581 1153 2642 2
1176 2581 1210 2642 in
1233 2581 1365 2665 aliquo-

270 2697 497 2779 constipatu'one
519 2697 677 2761 hominnm
701 2697 827 2783 quondo
856 2698 915 2760 tibi
944 2698 1072 2784 uliquis
1088 2698 1200 2784 podem
1230 2700 1345 2779 calcat,

268 2814 302 2878 in
324 2836 371 2898 ps.
396 2817 436 2880 32
459 2837 552 2881 serm.
576 2818 605 2895 2,
630 2819 648 2880 9
672 2816 723 2894 al„
748 2815 890 2880 Chnloid,
914 2817 947 2879 in
971 2816 1050 2880 Tim.
1075 2821 1126 2880 47.

311 3089 314 3096 .
348 3005 643 3068 constitutions
666 3003 747 3069 Mar.
772 3004 867 3069 Vici:
892 3006 929 3083 Α,
953 3005 1064 3072 Bocuh.

346 3195 577 3258 constricte:
601 3193 688 3259 Hier.
711 3194 745 3259 in
767 3193 882 3258 Ezech.
899 3194 976 3258 XIII
1000 3193 1042 3258 ad
1065 3196 1115 3271 44,
1138 3196 1175 3257 17
1189 3214 1258 3277 sqq.
1283 3219 1347 3260 non

270 3335 320 3375 cos
342 3314 508 3398 uiolenter,
539 3326 625 3378 orote
648 3309 741 3401 utque
764 3315 928 3379 constricte
953 3316 1056 3377 instar
1079 3316 1253 3378 minutorum
1278 3339 1347 3380 csse

271 3431 446 3518 cinycndos,
470 3453 610 3516 compar.
634 3434 713 3516 Aug.

349 3625 660 3688 constrictiuus:
683 3624 780 3707 Gurg.
797 3624 892 3688 Mart.
909 3623 992 3687 med.
1016 3643 1055 3687 ex
1076 3643 1158 3705 pom.
1186 3628 1221 3689 ll
1248 3627 1345 3689 sorba

272 3753 301 3805 et
312 3745 481 3828 praecocia
501 3767 597 3829 pomo
614 3767 720 3807 eorum
734 3742 862 3806 ucuscida
879 3754 907 3804 et
926 3743 1130 3805 constrictius
1146 3754 1228 3821 sunt,
1252 3742 1295 3807 ib.
1313 3747 1344 3826 9,

271 3861 359 3925 Cass.
376 3862 441 3927 Fsl.
459 3864 500 3928 50
516 3865 597 3945 (sup.
616 3884 662 3926 nr.
681 3864 766 3944 541),
789 3901 821 3908 -
845 3860 1029 3926 constrictio
1046 3861 1146 3925 Sorib.
1164 3861 1197 3943 (Ι.
1214 3884 1240 3926 r.
1257 3860 1342 3945 Gg.),

269 3979 326 4044 Th.
342 3981 397 4044 Pr.
414 3981 453 4060 ΙΙ,
472 3987 486 4045 1
513 3983 660 4065 (uentris)
682 3981 734 4059 al„
758 3980 860 4045 Rufin.
878 3980 964 4062 Orig.
980 3980 1012 4042 in
1030 3979 1343 4062 Oanu.11p.4161..
1451 3957 1453 3962 ,

270 4097 460 4164 redimicula
490 4099 566 4164 dicit
595 4101 830 4164 constructiones
860 4098 913 4161 uei
941 4100 1144 4162 connom'oncs
1167 4100 1343 4175 monilium,

270 4218 359 4308 Aug„
384 4219 473 4302 Pali,
498 4220 582 4285 Coel.
603 4223 679 4284 Aur.
705 4219 787 4283 sard.
809 4219 834 4301 Ι,
860 4222 888 4301 1,
912 4219 953 4282 48
977 4218 1017 4283 al.
