2964 4942
655 414 891 480 -348-

235 619 331 667 serm.
348 602 398 680 90,
424 603 454 679 6,
476 599 629 668 Ferrend.
652 600 696 667 ad
718 600 827 685 Regin.
851 603 967 669 comi
990 604 1239 688 importabilem
1263 627 1331 670 sam
1437 628 1438 631 ¹

236 727 336 785 simam
359 743 456 807 super
477 719 620 784 humeros
642 717 754 783 desim
770 720 878 806 pom's,
902 719 1047 787 Cassiod.

312 942 600 1043 impensissime:
629 957 783 1025 seman.
807 957 884 1026 1000.
910 961 1009 1025 sans.
1034 960 1074 1042 11,
1093 961 1139 1026 30
1163 962 1208 1028 m
1233 964 1324 1030 mm

235 1077 484 1162 importuositate
517 1079 603 1142 urbis
632 1085 680 1141 mel
701 1087 864 1164 portuensi
894 1077 1091 1165 dissimiteie.

311 1297 534 1382 impositio:
566 1300 669 1380 Vere,
700 1318 811 1366 manus
834 1299 928 1385 Cypr.
953 1319 1002 1386 ep.
1028 1304 1077 1382 16,
1103 1304 1122 1367 2
1147 1308 1184 1370 et
1207 1325 1318 1391 saepe,

233 1417 319 1484 Hier.
335 1437 362 1483 e.
379 1417 478 1484 Lucii.
497 1420 526 1501 1,
549 1416 652 1502 Vulg„
673 1418 754 1503 Aug.
772 1437 866 1484 serm.
884 1421 936 1500 99,
962 1421 1001 1484 10
1023 1427 1063 1500 (r.
1079 1420 1167 1507 Gg.),
1196 1427 1234 1489 11
1261 1424 1315 1506 al„

232 1535 286 1604 all.
310 1535 385 1603 ecel.

310 1740 581 1824 impositiuus:
612 1740 701 1822 Plin.
731 1741 829 1808 Prisc.
853 1743 924 1808 inst.
948 1746 1020 1821 ΧΙΙ,
1049 1749 1122 1827 1,“6
1151 1747 1212 1814 im
1234 1773 1314 1834 pro·

231 1883 339 1926 nomem
366 1860 461 1946 (ipse)
489 1859 735 1946 ἐπιταγματικόν,
767 1862 822 1926 ime
852 1874 897 1928 esi
925 1865 1139 1950 impositimum
1161 1863 1217 1932 mel
1239 1869 1312 1934 suls

230 1982 411 2062 immissum,
435 1991 548 2044 uocem
573 1978 695 2046 Graeci.

307 2184 595 2271 impossibilis:
631 2186 746 2270 Quint„
775 2169 817 2258 -ὲ
847 2189 929 2274 App.
960 2188 1036 2272 (iem
1063 2189 1190 2274 sexies),
1221 2191 1308 2258 Teri.

231 2305 320 2390 bapt.
344 2308 363 2371 2
387 2305 439 2390 αἱ,
463 2305 534 2391 le.
552 2305 633 2392 big„
657 2306 745 2374 Lact.
768 2306 841 2373 inst.
861 2307 919 2390 ΙΙΙ,
935 2310 986 2392 22,
1003 2311 1052 2389 11,
1076 2310 1192 2390 Amm.‚
1218 2309 1306 2378 Hier.

231 2446 281 2509 ep.
305 2427 355 2506 79,
378 2426 398 2490 3
427 2425 593 2512 quomodo,
625 2433 709 2511 quod
736 2434 822 2516 apud
848 2427 998 2494 homimem
1025 2429 1222 2515 impossibile
1249 2444 1307 2511 esi,

232 2544 321 2630 apud
341 2545 443 2610 Dmm
460 2547 609 2632 possibile
623 2546 702 2631 flat,
726 2550 759 2612 et
781 2567 887 2629 saepe,
909 2547 1007 2631 intpr.
1024 2546 1110 2631 Orig.
1134 2548 1166 2612 in
1187 2549 1306 2617 Matsh.

231 2666 271 2731 33
294 2685 325 2748 p.
342 2666 404 2749 253
420 2664 471 2742 al„
495 2684 546 2731 an.
568 2666 601 2730 in
625 2665 682 2731 Iob
698 2664 729 2730 11
747 2686 778 2750 p.
799 2668 858 2732 152
882 2667 1074 2753 impossibilis
1097 2671 1157 2754 (es)
1181 2669 1230 2734 ad
1251 2695 1308 2758 op·

224 2785 425 2869 primmdum
449 2783 501 2865 ei,
532 2783 637 2850 Rufin.
659 2783 693 2848 in
715 2784 823 2868 Symb.
849 2788 885 2850 11
918 2790 951 2851 et
980 2805 1077 2870 saep„
1108 2786 1243 2870 [Rufin.]
1272 2790 1307 2856 in

232 2903 348 2969 Amll
371 2903 414 2969 ad
437 2906 466 2983 9,
493 2905 597 2987 isqq.
622 2902 662 2969 ab
685 2904 933 2990 impossibilibus
955 2906 1092 2992 memplm
1116 2913 1229 2985 pompis
1252 2909 1306 2994 81,

231 3023 342 3089 Iulian.
368 3043 419 3106 ap.
437 3023 514 3106 Aug.
540 3042 567 3086 e.
590 3042 654 3089 see.
669 3043 753 3106 resp.
769 3022 829 3089 Iul.
845 3024 898 3105 IV,
925 3025 984 3090 103
1007 3024 1059 3106 al„
1083 3026 1162 3110 Aug.
1187 3047 1215 3091 c.
1240 3049 1305 3096 see.

231 3163 314 3226 resp.
338 3140 469 3222 1u1.v1‚
493 3143 533 3206 29
558 3141 812 3229 (impossibilior)
834 3142 886 3223 sl„
910 3143 1019 3224 Mser„
1044 3143 1128 3211 Ooel.
1152 3143 1230 3212 Aur.
1256 3168 1306 3216 eo.

230 3254 288 3341 ΙΙΙ,
312 3264 341 3344 5,
364 3264 415 3343 57,
445 3266 468 3327 Ι.
493 3263 518 3342 Ι,
541 3265 571 3342 4,
595 3262 636 3327 73
659 3261 711 3342 ai,
742 3261 829 3327 Oess.
857 3261 987 3328 11165
1016 3283 1047 3347 p.
1075 3263 1143 3340 158,
1172 3266 1307 3336 omnino

230 3381 309 3466 freq.
332 3401 423 3464 reem,
448 3386 510 3448 eei.
533 3381 553 3447 i.
576 3382 736 3465 impotens
759 3380 851 3464 Vulg.
872 3379 947 3466 Sep.
972 3381 1112 3466 (Rinseh
1133 3404 1165 3466 p.
1190 3385 1282 3471 332).

307 3605 644 3693 impossibilitas:
679 3613 759 3688 App.
789 3625 824 3687 ε,
855 3603 951 3686 Τθή,
980 3604 1066 3672 Hier.
1088 3623 1138 3688 ep.
1164 3606 1237 3686 148,
1266 3611 1305 3674 15

229 3726 485 3810 impossibilitate
506 3722 729 3790 mandatorum
741 3726 846 3811 premi
861 3723 913 3807 91,
938 3723 1040 3790 Rufin.
1058 3721 1143 3807 On‘g.
1159 3722 1194 3787 in
1209 3723 1304 3792 Rom.

231 3842 284 3925 VI,
311 3845 349 3908 12
371 3847 477 3932 impia
499 3845 655 3933 quaedam
678 3859 937 3928 commentantur,
965 3848 1077 3932 quibus
1100 3847 1306 3932 impossibili·

230 3974 327 4028 tatem
351 3964 426 4041 lepis
456 3973 572 4031 sarcire
600 3964 769 4029 uideantur
791 3965 842 4047 91,
873 3965 1013 4032 Cassian.
1036 3965 1161 4032 Incarn.
1186 3966 1260 4049 VII,
1286 3972 1306 4036 3

229 4081 349 4166 (plum),
379 4080 422 4149 ib.
453 4085 483 4164 4,
513 4081 599 4148 Salu.
628 4103 716 4151 suar.
745 4085 770 4166 Ι,
794 4086 824 4167 8,
855 4083 940 4153 Peir.
964 4081 1107 4167 Chrysol.
1138 4104 1235 4153 serm.
1262 4093 1303 4155 51

229 4198 280 4278 81,
305 4199 357 4266 all.
