2970 4942
704 433 935 495 -142-

283 620 422 684 amotio
437 616 602 697 imitando,
621 620 659 682 14
679 618 740 704 qni
750 618 836 682 moto
855 620 1090 683 conuersatione
1105 617 1242 684 suadent
1259 643 1368 684 exem*

281 737 372 823 plum
390 737 545 824 peccandi
568 739 601 802 in
621 737 749 825 popolo,
773 738 917 804 Cassian.
941 739 1010 804 ooll.
1035 739 1120 821 XIX,
1139 742 1178 802 14
1202 739 1367 805 hnmanae

284 859 532 924 conuersationis
555 859 647 938 nitio,
671 863 767 942 atque
788 859 836 923 ita
858 857 938 941 ireq.
963 857 1041 924 eool.

234 1061 284 1102 1⁰⁶0
362 1048 555 1111 conuerso:
583 1044 695 1111 Boeth.
719 1065 832 1110 comm.
854 1046 888 1110 in
911 1046 1007 1110 Arist.
1033 1045 1167 1127 interpr.
1191 1045 1242 1111 ed.
1263 1048 1363 1129 prim.

284 1165 323 1242 11,
350 1166 387 1228 13
412 1185 444 1248 p.
468 1165 540 1242 273,
566 1203 604 1212 --
628 1165 849 1228 connoroint
871 1163 970 1229 Firm.
991 1186 1042 1244 m.,
1066 1166 1108 1228 Μ.
1132 1165 1220 1248 Gap„
1246 1166 1362 1232 Boeth.

287 1282 382 1346 Arist.
407 1281 485 1364 Top.
509 1281 535 1361 l,
564 1284 594 1346 4.
1180 1287 1181 1290 ’

364 1454 554 1536 monento
581 1470 699 1538 Aneod.
722 1471 861 1537 Heluetz
885 1473 921 1535 A.

364 1642 608 1706 *conuersio
632 1641 735 1706 eooi:
759 1641 859 1706 Hilar.
882 1641 915 1705 in
937 1661 985 1724 ps.
1006 1643 1077 1721 119,
1097 1644 1116 1706 2
1139 1643 1211 1728 ipsa
1234 1667 1364 1708 conner-

288 1764 336 1827 aio
361 1759 557 1846 deprecandi
575 1762 717 1826 monimo
737 1784 817 1848 poro
841 1785 878 1824 ao
899 1783 972 1846 epea
995 1772 1041 1824 eat
1062 1761 1184 1836 salatia,
1208 1766 1366 1830 exsertius

288 1881 375 1946 Hier.
400 1903 425 1945 o.
450 1878 553 1964 Polag.
579 1881 635 1958 111,
659 1883 678 1944 6
713 1879 794 1944 dona
823 1881 857 1943 oi
878 1892 1063 1966 potestatem
1094 1885 1308 1948 conuentionis
1337 1898 1366 1948 et

286 2000 508 2085 poenitentiae,
537 1999 610 2063 adu.
637 1997 739 2063 Rufin.
764 1972 821 2077 111,
847 2001 886 2062 12
920 2022 981 2062 non
1011 1998 1244 2065 damnationem
1276 2016 1367 2066 tuom

290 2120 479 2203 quaerimus,
496 2116 554 2180 aod
568 2118 803 2182 conneraionom
818 2117 869 2195 11,
890 2122 977 2202 Aug,
998 2118 1098 2184 Rufin.
1117 2122 1201 2203 Orig.
1218 2122 1250 2184 in
1267 2121 1366 2187 Num.

290 2240 340 2317 24,
365 2241 384 2301 2
417 2240 502 2303 intro
530 2262 587 2301 nos
615 2250 660 2300 eat
688 2239 903 2302 conuersionio
920 2238 1069 2324 facultas
1092 2237 1143 2318 al,
1176 2240 1265 2304 OrOS.
1289 2240 1365 2306 hist.

292 2357 363 2438 Vll,
385 2361 436 2436 41,
462 2357 559 2441 intpr.
585 2357 670 2439 Orig.
693 2358 727 2421 in
755 2356 870 2421 Matth.
897 2359 955 2420 122
992 2358 1117 2421 initiam
1146 2331 1367 2426 conuersionio

291 2477 336 2542 ad
356 2479 468 2557 Deum,
491 2498 585 2542 anon.
608 2478 640 2540 in
665 2477 721 2542 lob
745 2476 774 2540 11
797 2498 826 2558 p.
847 2478 916 2552 132,
939 2476 1035 2556 Salu,
1060 2476 1171 2543 Aloim.
1189 2479 1275 2543 Auit.
1304 2483 1366 2564 (qs.

291 2598 344 2662 cit.
368 2597 451 2680 DV).
770 2599 771 2602 ’

371 2787 582 2851 conponor:
611 2787 689 2866 Aug.
715 2784 748 2848 in
777 2807 824 2866 ps.
848 2787 899 2864 84,
922 2785 941 2850 8
975 2785 1030 2869 (ad
1058 2807 1088 2848 u.
1113 2787 1145 2868 7)
1176 2808 1246 2847 cnm
1275 2803 1369 2852 uocat

294 2923 322 2974 te
344 2906 443 2992 (Deus
465 2904 508 2970 ad
531 2902 596 2987 Se),
620 2904 774 2968 conuertit
796 2915 840 2983 ta,·
868 2927 937 2968 oum
959 2905 1113 2967 oonnortit
1136 2916 1179 2981 te,
1204 2916 1297 2968 annot
1321 2917 1369 2987 to,

293 3053 362 3094 anm
376 3028 544 3091 oananerit
566 3035 603 3100 to,
626 3023 748 3088 uidebis
765 3047 980 3089 conneraorem
1001 3036 1098 3103 tunm,
1122 3025 1177 3088 cni
1189 3024 1308 3087 dicitnr
1326 3023 1369 3087 ‘et

292 3149 381 3235 piabo
409 3149 477 3214 Tno
499 3145 672 3210 laetabitur
695 3147 728 3207 in
757 3141 819 3208 Te'.

373 3316 678 3382 conuertibilia:
712 3316 796 3381 Tert.
827 3337 878 3380 an.
911 3318 948 3378 21
986 3315 1220 3379 oonnortibiiem
1252 3329 1372 3400 neqont

294 3450 444 3504 naturam
465 3438 517 3517 11,
542 3437 629 3501 Hier.
646 3435 718 3500 Did.
741 3436 816 3519 spir.
839 3440 917 3500 anot.
941 3438 970 3513 5,
993 3436 1027 3499 13
1044 3434 1096 3512 al,
1119 3433 1222 3499 Rufin.
1241 3433 1272 3497 h.
1292 3436 1370 3500 eccl.

295 3559 334 3638 X,
358 3562 377 3623 6
401 3557 453 3638 11,
484 3556 591 3635 Prud.,
614 3562 722 3639 posit,
757 3595 797 3604 —
832 3554 1121 3619 conversibilia
1152 3555 1233 3638 App.
1259 3554 1371 3635 dogm.

296 3678 377 3743 Plat.
401 3679 448 3743 III
475 3701 508 3763 p.
531 3680 592 3742 267
625 3675 846 3741 conuersibilea
874 3676 1105 3762 propositiones
1132 3678 1164 3737 et
1186 3676 1248 3739 268
1272 3672 1371 3754 Η1111,

297 3797 440 3862 Chalcid.
463 3798 497 3861 in
518 3798 597 3862 Tim.
623 3797 695 3875 306,
721 3797 797 3879 Aug.
821 3816 903 3859 mus.

376 3969 623 4052 conviciosus:
652 3985 731 4067 Aug.
756 4007 782 4049 o.
806 4005 866 4050 seo.
891 4005 975 4067 resp.
999 3983 1057 4048 Iul.
1082 3985 1105 4057 1,
1132 3987 1165 4045 ll
1193 3982 1375 4046 conaioiare

299 4118 452 4192 qnantum
482 4116 589 4191 poteo:
624 4107 696 4192 qnia
726 4107 808 4168 enim
837 4105 1033 4169 oonnioioona
1063 4104 1118 4167 hoo
1146 4125 1206 4165 non
1234 4117 1341 4186 potest
1351 4107 1373 4185 ἲ,

299 4225 403 4292 Rufin.
428 4224 513 4308 Orig.
536 4225 568 4289 in
596 4245 643 4307 ps,
667 4226 708 4290 38
735 4227 765 4289 h.
789 4226 818 4302 2,
843 4226 862 4286 2
890 4222 1027 4286 mendam
1050 4273 1057 4287 .
1082 4271 1089 4286 .
1114 4234 1142 4285 et
1164 4224 1374 4307 conuicioono,
