2970 4942
533 443 762 503 -141-

113 640 222 690 eontra
244 627 390 691 ineiuiieo
407 627 542 711 impetos
559 637 588 688 et
605 624 855 690 conventionalia
871 622 1059 689 detrimento
1074 635 1185 688 nonina

112 745 252 810 coneedit
274 746 457 809 auotoritas.

192 903 488 997 eonn‘enaatare:
519 930 605 996 Hier.
620 931 662 1014 (?)
686 930 729 996 ad
752 930 845 995 amic.
869 950 961 1011 aegla⁰¹
980 931 1017 1008 11,
1041 931 1061 993 4
1085 951 1184 994 atnoe-

111 1053 277 1116 niooinaam
302 1049 471 1136 praedium
499 1063 527 1113 et
552 1050 685 1113 urbanis
708 1061 966 1113 eonnennotatnm
996 1061 1025 1111 et
1052 1049 1185 1111 nnetioie

113 1173 274 1250 consitam,
296 1169 402 1235 Chala.
426 1171 458 1236 in
481 1170 558 1234 Tim.
583 1170 655 1248 318,
679 1169 721 1232 Μ.
744 1169 831 1249 Gan,
855 1167 921 1232 sid.

191 1357 480 1423 *conuersatim
495 1355 537 1420 al.
548 1345 794 1420 Lebonswandel
809 1354 1033 1442 (ἀναστροφή),
1047 1353 1185 1418 Lebens·
1216 1329 1219 1335 Ι

113 1476 206 1540 weise
229 1475 261 1539 S.
285 1475 326 1552 8.,
350 1479 386 1540 ut
408 1473 487 1539 Phil.
504 1476 533 1552 3,
551 1475 592 1538 ‘20
613 1485 723 1538 noetra
746 1476 941 1538 conuersatio
966 1473 1115 1536 incaelis
1140 1484 1185 1540 eet

113 1597 161 1678 (et
184 1613 234 1676 ap.
260 1593 353 1676 Gypr.
377 1598 471 1659 mort.
496 1595 567 1675 22),
597 1593 681 1656 Tort.
705 1592 747 1656 nd
776 1598 855 1657 nati.
881 1595 904 1672 1,
932 1594 971 1657 10
1001 1592 1038 1655 de
1060 1591 1185 1678 reliqna

113 1715 364 1778 eonnenootionio
386 1712 541 1776 hnmanae
564 1710 779 1796 dn'opooitione,
803 1730 867 1777 cor.
885 1713 904 1776 8
927 1734 982 1776 nea
996 1710 1086 1797 apnd
1101 1734 1186 1774 oeen-

113 1833 179 1896 lnnt
203 1881 210 1896 .
233 1881 241 1895 .
264 1855 319 1895 neo
340 1833 374 1896 in
398 1831 687 1896 conuersationibno
711 1829 841 1909 Christi,
866 1831 945 1913 uirg.
962 1832 1022 1896 uel.
1043 1835 1069 1908 1,
1093 1851 1186 1914 prae·

112 1973 176 2016 sor.
199 1951 286 2017 haer.
309 1955 346 2015 41
383 1975 445 2014 non
477 1951 617 2014 omittant
650 1998 656 2013 .
689 1982 696 2012 ·.
729 1950 979 2014 catznersationio
1013 1948 1185 2013 haereticae

114 2071 367 2157 descriptionem,
391 2094 485 2157 qnam
500 2069 625 2156 futilia,
651 2092 744 2152 qnam
762 2081 887 2131 terrena
911 2115 917 2130 .
942 2115 950 2131 .
974 2067 1017 2130 oit
1039 2072 1072 2130 et
1086 2087 1184 2151 saep.²
1258 2089 1264 2103 ·

112 2189 460 2272 Cypr.zel.etliu.10
483 2190 537 2273 qni
560 2190 593 2252 in
612 2186 733 2250 Cirieti
756 2188 871 2250 lumine
894 2185 1038 2249 tenebrae
1060 2198 1184 2248 noctur-

111 2335 172 2374 nae
196 2311 444 2375 oonnersationio
472 2310 639 2386 onesimus,
666 2310 704 2371 14
732 2307 807 2370 dane
834 2305 878 2370 ad
905 2308 1019 2369 netenii
1049 2305 1185 2369 leontinis

113 2431 381 2494 conversationem
409 2428 619 2505 nenoininnnn,
651 2447 699 2508 ep.
724 2428 774 2503 59,
802 2427 820 2487 ‘2
856 2427 911 2508 qni
940 2425 1184 2490 eeclesiasticam

72 2590 76 2600 ,.
112 2549 319 2635 diaoiplinam
350 2571 403 2610 neo
432 2558 518 2610 aetna
549 2548 604 2610 eni
628 2546 860 2609 conuersatione
891 2567 945 2608 nea
965 2568 1087 2609 morant
1103 2567 1186 2630 paee

113 2681 278 2733 tennerunt
301 2639 353 2746 ai,
377 2667 471 2730 Firm.
496 2687 537 2729 m.
562 2664 619 2742 111,
646 2670 657 2727 1
690 2665 799 2750 prima
821 2665 910 2749 onina
934 2663 1045 2728 mnndi
1066 2666 1184 2729 inanito

105 2791 182 2874 fnit
205 2777 246 2850 et
262 2786 393 2850 horrida
417 2797 445 2848 et
472 2787 594 2869 aynesti
614 2785 850 2848 oonaerootione
873 2783 982 2867 offena,
1008 2783 1052 2848 ib.
1075 2782 1140 2861 ins„
1165 2784 1183 2847 3

110 2921 148 2973 nt
171 2930 291 2992 semper
315 2905 483 2968 laboriosis
500 2904 788 2967 eonnersatn'onibne
809 2914 987 2968 atterantur
1002 2904 1186 2989 oppriman-

112 3041 238 3114 tnrqne
254 3025 307 3106 aL,
338 3026 417 3091 vict.
441 3027 518 3110 epit.
544 3028 591 3101 18,
617 3028 635 3090 3
671 3025 716 3089 aa'
748 3026 903 3091 innianoe
937 3027 1184 3090 conuersationis

112 3147 290 3230 enemplnnt
310 3168 370 3230 per
393 3145 512 3210 laboris
526 3169 643 3231 yeneno
660 3147 809 3222 uniuersa
823 3145 868 3208 ad
881 3170 1002 3210 samnia
1013 3156 1184 3232 proneotno

112 3267 188 3350 (nisi
217 3266 300 3331 forte
331 3265 432 3329 mauis
458 3264 509 3329 hic
534 3266 679 3349 accipere
706 3266 727 3330 i.
751 3265 928 3344 comasio,
952 3265 1183 3348 commutatio),

112 3386 200 3450 Hier.
218 3406 267 3468 ep.
288 3387 357 3463 148,
375 3385 393 3450 8
417 3386 473 3471 qni
494 3384 587 3448 ale'nd
606 3385 816 3471 professione,
841 3384 934 3450 alind
952 3387 1186 3449 conuersatione

113 3516 280 3582 tentantur,
303 3503 336 3568 in
360 3503 434 3568 Luc.
459 3503 489 3566 h.
514 3506 550 3566 21
578 3527 747 3588 praepara
769 3506 856 3569 niam
877 3505 1015 3569 Domino
1035 3528 1095 3590 pen
1117 3528 1186 3569 oon·

112 3626 324 3688 neroatn'onan
352 3624 472 3702 bonam,
498 3623 529 3687 in
552 3623 667 3688 Matth.
691 3644 802 3689 comm.
827 3626 854 3690 Il
884 3623 927 3686 ad
952 3626 1000 3703 14,
1026 3625 1065 3687 14
1092 3622 1186 3686 nelin-

113 3756 239 3830 qnentee
268 3745 426 3830 pristinas
454 3744 705 3808 conuersationeo
736 3758 764 3806 et
791 3745 965 3808 uarietates
993 3742 1184 3829 doymtnnn,

112 3885 163 3946 op.
191 3865 259 3941 100,
287 3865 326 3927 10
360 3866 415 3948 qni
442 3866 565 3929 ieiunia
587 3863 623 3927 id
650 3876 696 3927 est
718 3866 984 3929 oonnensotionan
1014 3861 1185 3948 onyeliooni

113 3984 291 4062 innitantur,
316 4006 344 4047 u.
363 3983 463 4050 Hilar.
485 3987 521 4047 14
537 3983 702 4069 fundator
725 3995 754 4046 et
777 3983 921 4047 eonditor
935 3983 1029 4047 haino
1048 3986 1103 4066 (se.
1119 4004 1185 4048 mo·

13 4101 15 4104 ’
112 4101 279 4184 nachioao)
312 4104 562 4166 conuersationis
592 4108 625 4166 et
651 4123 765 4186 saepe,
800 4102 903 4167 Rufin.
928 4102 1012 4184 Orig.
1036 4104 1068 4166 in
1091 4103 1182 4168 Rom.

113 4226 137 4304 1,
168 4223 204 4285 18
228 4221 278 4310 al„
301 4222 397 4305 intpr.
424 4222 508 4304 Orig.
533 4222 563 4285 in
588 4223 700 4287 Matth.
729 4225 767 4286 10
797 4246 925 4309 qnae-ann
954 4246 1014 4285 non
1042 4233 1087 4286 eet
1116 4246 1184 4284 oon-
