2940 4936
482 403 766 503 &or-

122 638 248 712 qentcs,
277 624 362 712 quod
388 638 416 688 et
437 625 496 689 illa
519 648 538 686 a
561 673 569 688 .
593 673 601 688 .
625 625 755 708 lenione
778 635 851 688 sant
874 622 972 700 dicta,
1003 621 1135 706 [Rufio]
1160 623 1193 688 in

125 746 254 810 Amasi
271 744 313 809 ad
328 745 358 824 2,
373 747 387 808 l
400 764 468 826 sqq.
493 765 542 808 cas
562 743 610 806 ita
627 741 778 829 furar'ssc
800 755 962 822 causatur,
985 754 1022 806 nt
1037 796 1044 810 .
1062 793 1070 808 .
1087 740 1194 807 odium

126 887 217 927 suam
241 864 337 927 etiarn
359 865 445 926 circa
468 864 536 925 eius
552 862 657 948 sanas
680 860 879 943 ostenderint,
903 862 994 928 Oreo.
1015 862 1088 927 hist.
1105 861 1144 942 H,
1163 864 1192 945 6,

127 981 277 1062 Soiuiau,
302 957 341 1028 ἕ-
367 1001 404 1046 co
425 979 561 1064 proinde
579 984 611 1046 et
626 981 799 1049 causatio
819 1005 894 1068 pro
917 981 1078 1047 accusatio
1094 980 1194 1061 Hier,

126 1101 217 1166 utin
241 1101 339 1166 Abae.
362 1101 378 1164 Ι
400 1099 442 1165 ad
467 1104 494 1182 1,
519 1104 537 1165 5
561 1122 650 1185 opus,
673 1099 759 1187 qaod
780 1107 846 1165 tam
865 1098 988 1187 qrcnde
1012 1101 1070 1164 erit
1093 1111 1122 1164 et
1143 1123 1196 1164 ne-

126 1232 229 1284 stram
251 1241 370 1284 omnem
392 1221 546 1305 opprimet
562 1221 785 1299 causationem,
807 1222 897 1301 Aug,
914 1240 1007 1286 anon.
1022 1219 1056 1284 in
1071 1219 1130 1285 Iob
1148 1221 1195 1285 111

125 1360 159 1422 p.
184 1339 246 1403 209
277 1361 382 1403 cornea
409 1339 561 1402 iniustam
589 1339 803 1403 causationem
830 1338 1026 1423 confatanit,
1055 1338 1195 1405 Saluian.

127 1457 183 1542 (al.
207 1457 350 1523 causatio
372 1479 401 1542 q.
426 1457 588 1523 excusatio
611 1456 664 1522 uel
687 1458 785 1522 etiam
808 1457 970 1523 recusatio
994 1477 1021 1523 e.
1044 1479 1070 1523 c.
1093 1460 1194 1523 Amm.

126 1575 242 1655 XXIX,
266 1578 294 1655 6,
317 1577 337 1640 8
366 1575 518 1656 adactae,
542 1574 639 1662 quod,
662 1577 691 1640 si
712 1625 719 1640 .
743 1624 751 1641 .
775 1577 984 1641 Marcelliano
1014 1576 1196 1665 deferretur

123 1706 266 1781 potestas
290 1743 298 1758 .
322 1744 341 1776 .,
364 1697 586 1760 munimentum
608 1697 725 1780 absque
746 1694 814 1760 nlla
832 1669 1011 1760 causatione
1030 1719 1196 1783 consnrqe·

125 1826 185 1895 ret,
210 1813 308 1895 XXX,
331 1816 359 1894 6,
384 1787 412 1877 2.
432 1820 465 1880 et
486 1835 583 1897 saep,
610 1816 700 1897 Aug„
732 1813 809 1880 Cod.
833 1813 952 1879 Theod.
975 1813 1034 1894 ΙΙΙ,
1058 1819 1087 1895 5,
1112 1817 1141 1896 2,
1166 1817 1196 1897 2,

126 1931 198 2015 ali,
221 1932 398 1999 cuiusmodi
421 1953 503 2020 quae
525 1933 706 1999 notauimus
729 1932 769 1998 de
787 1931 940 1999 ‘causari'
965 1933 1065 2000 habet
1086 1932 1145 2016 Gg.
1169 1955 1195 2000 s.

125 2071 160 2116 u.
185 2051 226 2129 11,
249 2052 293 2134 a).

206 2237 339 2302 caesos
358 2239 514 2322 (καῦσος);
545 2236 601 2303 Th.
621 2238 717 2303 Prisc.
738 2238 779 2318 ΙΙ,
798 2240 837 2302 12
860 2260 950 2326 quem
972 2239 1113 2303 morbum
1135 2239 1196 2304 ali-

126 2358 185 2443 qni
208 2377 323 2420 causon
347 2356 599 2442 appellauerunt,
623 2357 665 2436 ΙΙ,
683 2355 749 2421 chr.
767 2359 817 2436 16,
836 2357 886 2422 Pe.
904 2356 1016 2422 Soran.
1035 2358 1094 2422 113
1118 2357 1198 2444 qaid

126 2487 176 2540 est
199 2476 329 2542 caucos?
351 2474 449 2540 ardor
471 2475 523 2540 nel
543 2474 723 2540 incendium
737 2477 771 2539 in
782 2474 929 2561 febribus
944 2477 1062 2542 nimias
1079 2487 1108 2540 et
1124 2499 1197 2542 acn-
1242 2529 1246 2538 .
1304 2548 1306 2552 ,

127 2608 180 2660 tns
204 2618 271 2659 mm
294 2596 433 2661 siccitate
455 2595 553 2659 nimia
575 2606 604 2659 et
625 2594 765 2661 cholerae
787 2597 950 2661 reiectione
973 2645 981 2661 .
1005 2645 1023 2676 .,
1046 2596 1090 2663 ib.
1113 2598 1164 2662 87.

207 2765 383 2830 cautela:
408 2765 500 2848 App,
519 2765 599 2849 Dig,
616 2766 732 2831 Minue.
749 2765 825 2844 Fal,
841 2765 945 2832 Rufin.
962 2765 1048 2849 Orig.
1070 2766 1104 2832 in
1125 2765 1196 2833 Iud.

125 2884 158 2948 h.
184 2884 213 2963 8,
238 2887 257 2948 4
280 2883 332 2961 21,
356 2882 446 2950 Oros.
470 2884 501 2949 h.
525 2884 567 2965 II,
593 2887 642 2950 10.

205 3053 400 3136 cautetttss
425 3071 566 3138 usuca:
589 3074 627 3137 s.

208 3242 456 3305 cauteriare:
479 3242 589 3322 Lucii,
612 3242 697 3308 Hier.
714 3243 746 3307 in
761 3240 843 3326 Eph.
860 3242 907 3306 III
926 3242 969 3307 ad
984 3245 1014 3324 5,
1032 3246 1067 3309 ll
1094 3257 1197 3309 caute·

125 3360 247 3423 riatarn
280 3359 426 3426 labentes
454 3363 676 3427 coresoientiam
697 3360 748 3442 al,
782 3361 880 3444 intpr.
909 3364 1002 3442 iren,
1034 3361 1195 3448 Pelagos,
1301 3418 1304 3422 .

127 3479 394 3546 cauterizare
418 3479 595 3545 Vindician.
619 3480 710 3563 epist.
733 3500 765 3563 p.
791 3479 853 3544 248
875 3477 997 3562 saph,
1020 3478 1098 3564 Veg.
1121 3502 1152 3546 u.

207 3664 380 3731 *cedere
398 3689 459 3752 pro
481 3664 671 3732 concedere:
694 3665 778 3731 Tert.
799 3663 875 3731 idol.
894 3666 932 3728 17
957 3662 1105 3730 cedamus
1127 3689 1196 3732 sac-
1238 3694 1241 3700 ·

127 3782 237 3846 cedere
260 3785 357 3848 alicui
373 3807 468 3870 posse
488 3795 525 3848 at
547 3831 555 3848 .
579 3833 598 3864 .,
621 3784 770 3868 Egeeipp.
786 3783 843 3864 ΙΙΙ,
863 3784 904 3847 22
927 3781 1040 3847 delicti
1055 3787 1197 3871 qratiam

127 3903 232 3978 cessit,
255 3903 343 3967 Arai.
360 3907 435 3968 aott.
454 3905 478 3983 Ι,
494 3904 553 3967 301
580 3904 635 3989 qui
655 3915 780 3968 mortua
802 3924 930 3987 earcere
954 3900 1042 3982 cedit,
1065 3902 1106 3984 ΙΙ,
1124 3906 1194 3985 104,

127 4022 202 4100 594,
225 4020 268 4085 ed
289 4021 428 4086 Florian.
452 4022 502 4102 24,
527 4018 565 4086 cf.
590 4027 665 4088 actt.
688 4022 714 4103 1,
737 4024 809 4102 399,
832 4023 906 4087 490.

206 4187 413 4276 celebriiet':
441 4206 571 4291 August.
615 4210 664 4276 De
686 4208 871 4276 haeresibus
894 4210 931 4274 81
968 4209 1195 4297 Loafcrioncs

959 4326 994 4384 ὅ.
