2964 4942
610 457 650 468 -
695 420 843 485 368-

270 609 545 693 incontiynne:
569 607 655 686 Aen,
679 608 760 673 Mer.
783 604 880 672 Mero.
904 603 1011 691 cyrill.
1035 607 1097 673 ine.
1121 608 1212 693 unig.
1228 611 1270 676 33

192 727 261 792 lieet
282 727 417 813 (anima)
441 727 623 811 incontinua
645 727 688 791 eit
711 736 740 791 et
761 728 902 814 eimpiea.

271 913 596 998 ΙΙΙΒῦΙΙῘΙΒῦῘὸΙΙΙΙΙῦΞ
623 931 703 1013 Aug.
734 950 762 995 a.
789 950 849 995 seo.
872 950 958 1013 resp.
981 929 1040 996 Iul.
1065 934 1120 1012 VI,
1143 933 1187 996 22
1219 935 1271 998 nis

191 1054 293 1118 neseio
315 1073 397 1139 qnae
420 1051 595 1115 inuisibilis
618 1061 648 1114 et
670 1049 933 1114 incontrectabilis
961 1059 1084 1117 secretis
1106 1055 1272 1118 natarali-

193 1172 250 1237 bne
272 1172 372 1246 insita
395 1181 454 1252 eet,
482 1171 539 1235 ott
566 1171 640 1236 inro
665 1170 855 1256 proponentis
883 1161 1050 1235 natnralia
1073 1171 1271 1254 delitescunt,

191 1291 235 1356 id.
258 1311 352 1357 serm.
376 1292 452 1372 214,
475 1291 505 1369 7,
529 1288 622 1374 vigil.
646 1289 740 1372 Teps.
758 1311 784 1356 e.
801 1287 935 1373 Eutyeh.
954 1291 1007 1370 lv,
1024 1292 1066 1356 22
1089 1293 1271 1357 inuisibilis

191 1433 314 1499 semper
343 1422 372 1474 et
405 1411 667 1475 incontrectabilis
694 1423 856 1497 penncna
889 1395 1143 1495 (contrectabilis
1172 1413 1273 1494 Tert.‚

192 1529 291 1610 Leon,
318 1533 444 1608 Aeson„
468 1527 576 1607 Prud.,
599 1529 875 1596 contractabiliter
897 1531 988 1597 Lacr.
1013 1527 1067 1610 lv,
1092 1532 1180 1615 658).

271 1701 498 1782 tneonnttns:
526 1716 613 1783 Hier.
641 1715 727 1800 Orig.
757 1718 790 1782 in
818 1718 930 1784 Ierem.
960 1717 1046 1784 hom.
1071 1720 1100 1798 3,
1127 1722 1141 1781 1
1174 1726 1214 1801 (s.
1238 1741 1272 1784 u.

192 1834 470 1919 inconuincibilis).
1243 1835 1245 1840 '

271 2007 610 2072 inconnenienter:
633 2005 737 2072 Rufin.
756 2009 841 2094 Orig.
865 2009 898 2075 in
916 2009 1007 2077 Rom.
1026 2013 1084 2086 111,
1101 2011 1121 2076 8
1142 2034 1200 2076 nee
1221 2013 1273 2076 in·

194 2128 406 2192 conuenienter
432 2125 596 2190 ne’debitnr
625 2123 661 2188 de
691 2149 729 2189 eo
759 2125 892 2204 dr‘ctnm,
923 2128 1009 2214 qnod
1029 2179 1037 2194 .
1061 2177 1069 2194 .
1092 2129 1144 2208 al..
1177 2131 1273 2214 Aug„
1368 2161 1370 2168 ’

193 2246 305 2314 Iulian.
336 2265 388 2328 ep.
419 2247 496 2328 Aug.
525 2266 551 2311 e.
575 2265 638 2310 sec.
660 2265 744 2329 resp.
768 2245 828 2311 Iul.
852 2249 910 2327 111,
935 2249 976 2313 90
1006 2221 1273 2313 inconnenientis-

192 2368 278 2446 cirne,
301 2365 398 2449 intpr.
416 2365 502 2448 Orig.
521 2365 554 2430 in
575 2364 688 2430 Matth.
706 2366 757 2446 27,
780 2365 823 2430 Μ.
840 2364 886 2431 cl.
904 2366 1033 2432 Sacerd.
1051 2370 1064 2433 1
1087 2388 1119 2451 p.
1136 2369 1202 2433 453
1220 2368 1272 2450 Κ.,

194 2485 346 2565 chalcia,
371 2485 494 2566 Boeth.‚
519 2484 613 2568 Greg.
635 2484 668 2549 in
691 2486 705 2550 1
727 2485 805 2568 Reg.
826 2487 883 2565 111,
906 2490 937 2566 4,
960 2487 997 2549 21
1024 2485 1076 2562 el„
1098 2486 1175 2551 [sid.
1192 2510 1274 2572 quu.

193 2605 226 2670 in
249 2606 376 2671 Denter.
400 2607 429 2680 9,
453 2606 472 2667 2
503 2605 533 2668 ei
559 2604 639 2691 qnid
666 2605 916 2668 inconnenienter
938 2626 978 2668 en
1005 2603 1133 2678 diuerso
1158 2630 1275 2692 qenes-e

194 2724 246 2787 net
265 2724 410 2802 reliqione
432 2724 464 2786 in
487 2724 557 2788 nita
579 2724 729 2810 cuineqne
752 2725 923 2789 contenitur
949 2730 982 2789 et
1003 2745 1090 2808 saep.

272 2911 598 2994 inconvenientia
627 2911 889 2997 (inconnenanee):
923 2912 1026 2993 Tert,
1057 2913 1137 2996 Aug.
1169 2933 1275 2982 morr.

57 3046 61 3051 ’
194 3032 269 3098 ecel.
285 3034 315 3113 8,
335 3035 368 3097 ll
396 3033 468 3117 qais
492 3079 500 3095 .
524 3080 532 3096 .
555 3054 617 3098 non
639 3030 751 3095 uideat
770 3055 829 3116 per
851 3033 1133 3098 inconaenientiorn
1155 3044 1277 3122 ternpo-

194 3153 331 3218 nan'onie
353 3151 429 3216 iaec
450 3148 582 3230 taedae,
605 3173 643 3217 ac
665 3173 777 3216 rnrene
793 3173 852 3237 per
867 3152 1114 3216 conuenientiam
1128 3174 1192 3216 non
1209 3154 1277 3220 lae·

186 3271 277 3351 '‘dere,
299 3269 344 3334 ib.
359 3267 415 3334 inf.
438 3267 498 3349 bis,
521 3267 564 3334 ib.
591 3271 639 3349 12,
664 3271 712 3350 13,
736 3274 874 3352 quaesit.
892 3271 974 3346 59‚1
1000 3270 1052 3349 nl.¹
1075 3269 1174 3336 Maer.
1192 3272 1276 3357 ciffi,

194 3390 284 3473 Fulg.
307 3389 405 3473 Rusp.
433 3387 529 3473 (DV).

271 3563 560 3625 inconnentas:
594 3556 719 3624 Nouell.
750 3558 831 3642 Vel.‚
862 3558 959 3626 Crisa.
992 3558 1080 3626 brou.
1110 3578 1180 3626 een.
1206 3561 1270 3629 281

196 3679 231 3744 de
254 3679 311 3759 irie,
340 3680 394 3766 qni
415 3679 584 3764 inplebat,
609 3703 688 3766 qnae
711 3678 757 3743 ad
778 3702 811 3743 ee
836 3691 954 3765 putant
974 3682 1139 3766 pertinere,
1163 3682 1274 3746 incon·

195 3801 298 3866 nentis
321 3798 379 3877 irie,
403 3822 423 3862 a
445 3798 560 3883 qaibne
583 3801 734 3879 tenentur,
757 3799 923 3863 irruerint.

100 4044 101 4047 Ἴ
145 3987 196 4029 neo
274 3968 620 4035 inconnertibitis:
654 3967 756 4048 Tern,
785 3969 873 4034 Hier.
901 3968 974 4034 Did.
1006 3968 1080 4051 spir.
1111 3973 1214 4034 sanct.
1240 3975 1271 4053 5,

198 4092 236 4154 12
259 4089 311 4168 el„
340 4087 444 4153 Rufin.
474 4085 560 4169 Orig.
591 4089 690 4171 prino.
716 4090 740 4168 Ι,
765 4091 794 4168 2,
818 4093 838 4153 4
861 4086 914 4169 nl„
944 4089 1024 4173 Aug.
1048 4108 1075 4154 c.
1098 4107 1159 4153 see.
1181 4109 1271 4174 resp.

97 4264 100 4270 ,
195 4207 253 4274 Iul.
278 4208 315 4289 V,
336 4210 377 4273 42
413 4205 508 4286 Dente,
536 4207 626 4272 oniae
649 4215 743 4272 soline
767 4222 812 4270 eet
836 4208 1080 4272 anconaertibiln
1102 4208 1272 4273 incommu-
