3000 4942
678 437 908 500 -202-

340 625 565 711 dipnnntcr:
589 622 681 707 Vop.‚
697 623 734 687 lt.
754 622 840 687 Alex.
860 641 940 704 sup,
963 619 1090 703 Symm,
1107 616 1225 696 Ambr,
1241 615 1326 681 Hier.

261 746 293 811 in
316 745 384 809 Ion.
408 746 437 824 2,
461 746 480 808 6
509 744 626 821 animo,
658 766 751 826 quam
775 765 842 805 cnm
866 761 994 825 corpore
1014 760 1074 824 pro
1097 737 1199 801 cointe
1220 747 1329 800 nostra

125 841 132 853 ⁴
262 866 428 949 dipnanter
451 863 634 947 osaampait,
659 881 708 944 ep.
723 863 773 938 66,
793 860 840 938 13,
863 857 966 923 Rufin.
980 856 1107 939 001010ι
1124 854 1215 920 Rom.
1227 853 1282 932 IV,
1299 855 1328 935 5,

264 985 343 1066 Aug.
366 987 469 1066 nupti.
494 988 528 1047 et
549 1001 635 1046 conc.
658 981 699 1060 II,
724 983 743 1045 2
766 1000 814 1044 ex.
838 978 899 1057 al.,
913 977 997 1041 Petr.
1014 972 1157 1057 Chrysol.
1177 993 1270 1038 serm.
1290 973 1328 1037 18

260 1101 314 1181 in,
337 1100 445 1166 Sidon.
469 1121 519 1183 ep.
543 1101 614 1179 Vll,
640 1102 688 1178 16,
718 1096 842 1163 Ennod.
866 1116 915 1179 ep.
940 1095 1009 1173 Vll,
1032 1095 1073 1158 20
1096 1092 1147 1171 01,
1177 1092 1328 1156 Laurent.

260 1219 378 1285 hom.l
406 1218 574 1304 dipnanter
596 1219 720 1303 ipnoace
743 1215 796 1296 al.,
820 1213 962 1280 Cassiod.
978 1213 1010 1276 in
1027 1233 1075 1295 ps.
1092 1215 1143 1291 41,
1160 1212 1179 1274 2
1202 1209 1334 1296 qnando

260 1361 316 1403 noa
344 1339 377 1402 in
404 1336 523 1402 indicio
556 1360 612 1402 sno
640 1335 808 1421 diqnanter
835 1333 1025 1418 inspexerit,
1059 1329 1101 1394 id.
1127 1329 1201 1394 Ver.
1231 1331 1257 1410 I,
1278 1331 1329 1406 20,

262 1455 346 1537 VIII,
373 1459 391 1521 5
416 1455 467 1537 al.,
490 1455 584 1538 Greg.
607 1455 649 1520 M.
673 1455 706 1519 in
729 1458 743 1521 Ι
767 1455 843 1537 ch.
861 1455 916 1534 ΙΙΙ,
938 1455 968 1532 4,
993 1453 1042 1528 18,
1065 1450 1104 1515 cf.
1130 1449 1330 1533 (1130000001-

261 1592 331 1639 mus
354 1571 439 1638 Solu.
1268 1571 1273 1580 '

339 1767 548 1852 *dignatio
581 1781 717 1834 maron.
748 1770 780 1833 io
812 1767 956 1834 allocuta
986 1767 1073 1833 Hier.
1104 1789 1154 1851 ep.
1184 1769 1244 1832 102
1274 1766 1331 1851 (ad

262 1888 342 1970 Aug.
368 1888 488 1971 episc),
515 1891 529 1951 1
563 1911 617 1974 epo
639 1888 825 1974 simpliciter
840 1887 952 1973 fateor
975 1888 1153 1972 diynationi
1175 1899 1247 1951 iace
1274 1885 1330 1969 (ib.

261 2025 344 2088 supa
373 2005 581 2071 beatitudinis
608 2010 683 2072 tuae
709 2006 832 2085 literae,
860 2043 902 2054 -
925 2007 1003 2088 Aug.
1027 2024 1076 2087 ep.
1102 2006 1156 2069 101
1186 2043 1224 2052 -
1247 2005 1331 2069 inter

262 2124 347 2189 Hier.
372 2163 413 2172 —
440 2125 483 2190 ad
508 2125 596 2191 illum
619 2126 802 2208 scripserat:
833 2124 993 2190 dilectioni
1015 2130 1107 2205 tuac,
1131 2172 1171 2189 ..
1203 2124 1329 2190 caritat'

262 2244 360 2326 tuae),
383 2243 425 2308 ib.
451 2246 510 2336 105
535 2246 584 2330 (it.
608 2245 650 2310 ad
673 2246 777 2327 Aug.),
801 2243 895 2324 201,
920 2244 999 2326 Aug.
1020 2243 1086 2326 (cit.
1109 2241 1191 2325 DV).

340 2441 603 2528 aranfnare:
625 2441 721 2525 intpr.
740 2395 825 2522 orig.
848 2440 880 2505 in
905 2439 1018 2504 March.
1042 2440 1082 2504 82
1105 2439 1210 2503 coeam
1233 2437 1332 2524 spira

263 2558 379 2622 taciem
402 2570 430 2621 et
453 2558 643 2623 dominicam
665 2582 799 2639 coenam,
824 2561 936 2646 quibas
961 2558 1165 2644 drpnisicotus
1177 2558 1295 2644 fuerat
1312 2583 1332 2622 a

265 2675 400 2757 Christo,
422 2676 465 2742 ib.
491 2681 561 2758 lll,
584 2679 680 2762 intpr.
704 2679 806 2760 ignat.
831 2679 904 2762 aliq.
928 2679 994 2764 (cit.
1017 2677 1100 2760 DV).

211 2896 262 2936 nco
341 2872 593 2955 dignitosus:
623 2874 836 2954 Petr.,A1dh.
860 2874 946 2939 laud.
968 2874 1046 2958 uirg.
1070 2874 1112 2938 54
1140 2873 1333 2957 dipniroaem

264 2993 455 3056 innocentiae
468 2992 619 3078 palmam,
642 2992 682 3073 gl.
695 2991 795 3059 Labb.
813 2993 869 3077 (ad
883 2992 1019 3075 figuram
1039 2991 1078 3056 cf.
1090 2991 1221 3057 calamit
1233 3009 1330 3068 ·osus,

262 3130 342 3174 reec.
367 3111 570 3190 amaritosus,
602 3116 765 3194 egestosus
792 3116 825 3176 et
845 3117 978 3190 -tuosus,
1007 3114 1254 3194 tempestuosus,
1277 3128 1331 3172 uo

260 3227 453 3312 luptuosus).

341 3419 381 3480 di
387 3419 635 3503 praecentio:
657 3417 715 3482 Iul.
734 3416 814 3494 val,
838 3419 916 3501 Aug.
940 3416 1031 3500 freq,
1053 3419 1090 3481 ut
1103 3415 1174 3496 Ciu.
1190 3415 1228 3478 D.
1245 3412 1330 3491 XIV,

265 3538 303 3599 17
328 3538 365 3619 (r.
383 3535 466 3620 Gg.),
490 3536 590 3601 doctr.
614 3536 680 3602 chr.
705 3539 746 3601 20
769 3536 858 3622 (boni
880 3542 913 3602 et
935 3535 1035 3619 mali),
1059 3555 1085 3600 0.
1110 3533 1235 3598 aduers.
1255 3532 1330 3615 Leg.

263 3660 296 3718 et
316 3654 431 3738 proph.
454 3656 480 3736 I,
503 3658 541 3719 21
564 3656 616 3737 al.,
643 3656 792 3722 »Tichon
807 3660 888 3740 sept.
905 3676 970 3739 reg.
988 3656 1038 3732 3«,
1063 3651 1206 3718 Cassiod.
1226 3651 1260 3714 in
1281 3670 1330 3733 ps.

262 3773 314 3853 30,
337 3775 379 3838 20
401 3777 630 3860 dipnoscentiac
651 3778 769 3840 nirintc
788 3777 962 3862 praedicit.

217 4045 220 4054 ,
341 3969 605 4036 diiudicatio:
630 3971 693 4036 Cic.
717 3993 753 4051 s.,
777 3974 856 4054 Aug.
879 3971 913 4035 in
935 3969 1012 4034 Gal.
1029 3967 1069 4033 37
1092 3970 1155 4032 iam
1178 3967 1242 4029 icta
1264 3987 1332 4029 aar·

262 4090 350 4153 nalia
371 4089 546 4173 spirituali
565 4089 787 4154 diiudicatione
810 4101 975 4169 contemno,
998 4088 1040 4153 id.
1064 4085 1153 4153 Cous.
1169 4086 1256 4162 XIII,
1282 4083 1330 4161 18,

264 4207 304 4268 22
326 4209 358 4272 in
383 4206 488 4272 abdito
512 4207 749 4272 diiudicationis
777 4209 870 4272 Tace.
