2964 4942
698 401 928 466 -366-

355 589 372 652 i
376 607 614 654 nconneaus:
639 585 720 654 Mer.
737 585 819 652 vict.
843 592 1043 671 (esynnrtste
1064 587 1085 652 i.
1101 607 1130 653 s.
1146 587 1357 671 inconnexa),

278 708 406 787 Annon,
430 705 541 772 Booth.
566 726 679 772 comm.
702 705 735 770 in
759 705 856 770 Arist.
878 706 976 790 intpr.
999 705 1049 772 ed.
1072 705 1167 790 prim.
1192 707 1218 787 Ι,
1241 708 1263 771 8
1288 713 1357 771 talis

276 830 451 906 iuncturae,
476 849 556 914 quae
578 849 629 891 res
651 826 778 890 sr‘bimet
799 827 989 890 inconnecas
1008 826 1143 913 copulat.

225 1039 276 1079 ²⁶⁷⁰
353 1031 655 1118 inconsequens:
687 1028 789 1096 Diom.
814 1015 846 1096 11
868 1050 899 1113 p.
923 1031 985 1096 455
1017 1030 1234 1116 discrepantes
1257 1044 1288 1094 et
1308 1033 1355 1096 in·

276 1160 492 1236 consequentes
515 1150 599 1214 inter·
621 1173 652 1212 se
675 1150 832 1228 dictiones,
854 1148 942 1215 Hier.
965 1148 1040 1214 adu.
1055 1147 1160 1216 Rufin.
1176 1149 1216 1225 II,
1241 1153 1283 1216 15
1307 1152 1354 1214 in-

276 1291 462 1357 consequens
492 1279 595 1334 tectus
624 1269 696 1354 ipse
725 1267 891 1333 uerborum
912 1266 971 1346 01,
1000 1267 1104 1335 Rufin.
1133 1267 1221 1351 Orig.
1249 1269 1353 1352 prino.

203 1437 208 1446 ·
275 1392 330 1470 IV,
349 1391 433 1469 1,17
452 1389 657 1474 praecipitur
673 1388 879 1452 enterminari
897 1408 985 1451 ornae
1008 1435 1015 1452 .
1039 1435 1047 1452 .
1070 1410 1131 1452 non
1154 1434 1162 1451 .
1185 1435 1194 1452 .
1217 1389 1354 1452 circum·

276 1516 382 1588 cisum,
406 1515 488 1596 quod
502 1513 593 1572 ualde
608 1509 829 1594 inconventum
845 1517 899 1585 est,
923 1529 994 1569 cum
1008 1517 1165 1593 oporteret
1187 1555 1195 1571 .
1219 1555 1227 1571 .
1251 1509 1357 1572 iuberi

274 1638 310 1692 ut
325 1638 479 1714 parentes
497 1628 706 1714 punirentur,
739 1627 794 1712 qui
814 1626 905 1712 filios
927 1672 936 1691 .
960 1674 968 1689 .
990 1648 1051 1689 non
1073 1624 1354 1707 circumciderant,

277 1747 410 1832 [Rufin]
432 1747 466 1812 in
488 1747 560 1812 Am.
585 1748 614 1811 11
639 1746 681 1811 ed
705 1747 734 1827 6,
758 1746 788 1825 1,
812 1744 897 1812 Coei.
915 1745 1001 1825 Aur,
1023 1745 1132 1823 Prisc,
1154 1745 1207 1809 Po.
1224 1745 1352 1825 Ancon,

355 1951 695 2036 inconsequenter:
729 1948 815 2014 Hier.
846 1950 880 2014 in
908 1947 979 2014 Gal.
1009 1951 1056 2015 111
1089 1949 1131 2014 ad
1160 1951 1190 2030 5,
1224 1951 1263 2014 13
1298 1956 1355 2013 sed

276 2092 336 2154 quo
358 2117 366 2134 .
390 2117 409 2148 .,
432 2069 463 2132 si
484 2069 531 2132 sic
552 2069 779 2149 intelieqantur,
801 2080 837 2133 ut
858 2081 1018 2146 resonant,
1046 2069 1300 2152 inconsequenter
1323 2081 1353 2132 et

275 2189 411 2273 abrupte
432 2209 611 2273 repuqnare
632 2188 716 2274 inter
738 2211 769 2250 se
797 2236 804 2251 .
827 2234 836 2251 .
859 2190 1046 2267 uideantur,
1077 2186 1182 2251 Rufin.
1206 2187 1295 2270 Orig.
1319 2189 1353 2252 in

276 2309 353 2372 Len.
377 2305 409 2370 h.
435 2309 484 2387 14,
507 2309 527 2370 4
559 2309 641 2389 (sup.
666 2307 778 2390 2566),
808 2306 920 2372 Iulian.
947 2326 999 2390 ap.
1024 2307 1103 2389 Aug.
1126 2326 1152 2371 c.
1175 2326 1238 2372 sec.
1262 2328 1352 2392 resp.

197 2483 204 2492 .
274 2425 333 2492 lul.
352 2428 390 2506 11,
409 2427 640 2491 105·conuinco
662 2425 833 2490 secandum
849 2425 962 2512 doqrne
985 2437 1071 2490 tuum
1093 2427 1353 2512 inconsequenter

275 2544 460 2630 Apostolum
475 2545 685 2631 pronuntiare
701 2544 808 2628 (Rom.
824 2546 853 2624 5,
873 2547 924 2625 16)
942 2541 1065 2624 ‘qratia
1087 2557 1191 2610 autem
1214 2568 1252 2611 ea·
1274 2553 1355 2611 rnul-

276 2673 316 2729 tis
339 2663 459 2728 delictis
481 2667 514 2728 in
538 2664 815 2749 iustificationem',
843 2667 899 2751 qui
922 2665 1048 2730 denerat
1066 2661 1117 2731 ‘ea
1138 2688 1199 2728 uno
1219 2678 1354 2749 peccato

275 2783 431 2850 iudicium
452 2785 487 2846 in
509 2780 814 2864 ccrsdemnationern',
838 2783 923 2850 Coei.
948 2785 1021 2850 Aur.

199 3041 203 3052 .
353 2988 721 3054 inconsideranter:
760 2988 838 3055 locis
870 2989 952 3055 loxx.
983 2988 1059 3054 edd.
1088 3008 1139 3054 an.
1169 2987 1202 3053 in
1233 2987 1295 3054 Iob
1321 2994 1355 3058 II

274 3128 306 3191 p.
330 3106 393 3172 200
415 3109 498 3192 (sup.
522 3107 630 3191 2510).

351 3296 703 3361 inconsideratio:
726 3295 822 3371 Salo,
845 3296 924 3361 Arn.
939 3296 1004 3361 iun.
1027 3297 1122 3380 inps.
1141 3298 1201 3362 148
1223 3305 1354 3366 utinam

275 3462 283 3478 .
307 3462 315 3478 .
337 3437 399 3480 non
422 3412 717 3480 inconsiderationis
738 3427 863 3480 nostroe
883 3438 1107 3501 soporaremur
1127 3416 1315 3495 qrauedine.

352 3607 691 3686 inconsiderato:¹
711 3618 799 3684 ada.
829 3620 914 3685 Toni.
941 3639 1082 3703 praescr.
1104 3619 1192 3684 haer.
1219 3625 1232 3683 l
1267 3643 1355 3688 acne

275 3749 304 3802 et
326 3739 553 3804 inconsiderato
575 3739 660 3822 (eod.
676 3737 790 3821 Agob.)
811 3740 952 3824 plerique
967 3737 1024 3804 iac
1037 3741 1110 3824 ipso.
1126 3737 1355 3807 scandalizan-

276 3869 337 3935 tur,
361 3854 447 3942 qaod
468 3868 590 3921 tantum
611 3855 754 3921 haereses
776 3863 910 3920 ualeam.

352 4057 678 4124 inconsolabilis:
712 4058 817 4140 Ouid,
851 4061 964 4142 Amm,
993 4059 1112 4140 Ambr,
1141 4059 1233 4142 Egon
1260 4063 1305 4144 ΙΙ,
1333 4070 1355 4132 9

277 4181 315 4263 (r.
338 4176 423 4261 (10),
446 4177 533 4242 Hier.
555 4177 589 4241 in
612 4177 695 4242 Ecol.
719 4181 739 4241 4
762 4199 793 4260 p.
816 4180 879 4244 418
903 4179 1033 4264 (dolor).
