2970 4936
692 441 838 506 -458
884 447 921 486 4

280 626 323 692 id.
344 628 377 692 in
399 647 446 711 ps.
463 627 512 707 60,
534 628 552 691 3
576 649 629 690 nec
651 633 785 692 localiter
808 627 956 713 defendit,
979 635 1033 693 scd
1052 650 1111 714 per
1134 641 1231 694 toturn
1252 653 1342 694 mun-

282 745 354 810 durn
377 745 522 831 famulos
551 767 626 810 snas
655 745 803 827 custodit,
837 746 927 830 Fulg.
951 745 992 811 ad
1018 746 1145 812 Monim.
1167 747 1209 826 Π,
1234 750 1253 813 6
1287 771 1342 812 nec

280 866 357 931 Filii
378 890 431 932 nec
453 866 594 952 Spiritus
617 869 717 930 sancti
737 868 913 930 missionem
939 867 1081 931 dealiter
1107 867 1228 947 factam
1256 869 1340 954 quis·

280 981 373 1074 qnam
400 989 487 1052 debet
517 987 710 1053 Christianus
738 989 890 1072 occipere,
923 988 965 1052 ib.
988 987 1042 1052 inf.
1066 987 1123 1066 III,
1146 991 1164 1051 7
1188 992 1340 1071 et'saep,

280 1106 354 1175 Isid.
379 1107 452 1172 eccl.
477 1106 528 1174 off.
553 1107 594 1186 II,
618 1109 668 1186 23,
692 1107 711 1171 2
739 1107 883 1173 localiter
905 1108 947 1171 ab
969 1107 1104 1172 inuicem
1127 1105 1339 1171 discedentes.

356 1331 556 1393 loculuric:
589 1330 609 1394 i.
638 1328 748 1394 localis
776 1326 916 1393 Chalcid.
946 1328 1025 1393 Tim.
1054 1331 1090 1392 ll
1126 1336 1271 1414 quoniam
1301 1350 1341 1390 ecc
1385 1319 1387 1322 ⁵

279 1459 395 1534 septem
416 1448 551 1512 motibus
573 1471 633 1512 non
654 1448 803 1513 loculoris
826 1449 854 1511 ei
873 1448 1045 1533 quisquam,
1069 1455 1122 1510 sed
1136 1448 1340 1511 rationabilis

280 1567 478 1651 competebat,
507 1576 561 1655 qul
582 1570 758 1633 animarum
777 1567 930 1652 proprius
953 1577 996 1629 est
1018 1567 1182 1646 circuitur,
1215 1566 1338 1633 Gomm.

278 1690 311 1754 in
333 1689 411 1754 Tim.
438 1691 498 1754 120
525 1698 673 1754 loculcrco
695 1701 795 1754 motus
818 1700 933 1774 cepteru
955 1700 1040 1766 cunt,
1073 1688 1142 1768 136,
1166 1687 1238 1765 221,
1263 1687 1341 1768 26ος

279 1807 330 1888 ul,
354 1813 389 1873 ut
411 1809 547 1890 uidetur,
570 1809 649 1875 Pell.
672 1809 730 1889 ΙΙΙ,
755 1811 804 1890 25,
829 1810 869 1872 23
889 1805 1011 1874 ‘resina
1032 1805 1204 1873 loculuris'.

356 2029 645 2115 locupletatio:
670 2029 761 2115 Vulg.
774 2029 891 2110 Iudith,
907 2030 982 2096 Arn.
999 2031 1031 2095 in
1045 2050 1093 2114 ps.
1109 2030 1167 2093 118
1180 2049 1210 2111 p.
1222 2028 1340 2094 513M.

278 2152 312 2214 in
341 2151 408 2215 suis
435 2151 722 2235 locupletationibus
749 2152 931 2228 clericatur,
964 2151 1033 2216 uita
1059 2149 1090 2213 S.
1113 2147 1275 2232 Eugeniae
1300 2150 1341 2212 12

276 2271 508 2355 posseesionune
532 2270 731 2356 locupletatio
751 2273 882 2354 infinito.

357 2489 581 2574 locutorium:
609 2509 695 2574 sur.
721 2509 752 2573 sn
780 2508 861 2591 Epi.
886 2508 902 2572 1
934 2507 976 2573 ae
1005 2509 1035 2587 e,
1067 2509 1106 2572 19
1118 2526 1187 2589 sqq.
1220 2505 1342 2588 oceri,

279 2626 392 2714 quod.
417 2677 423 2691 .
448 2652 648 2712 possumne.
672 2678 690 2708 .,
717 2643 752 2692 ut
780 2630 997 2694 contentiociue
1025 2627 1153 2692 uerbum
1181 2629 1344 2712 caprimo-

245 2771 251 2784 ·
279 2770 350 2810 mus
373 2772 386 2810 e
409 2748 512 2825 uerbo,
536 2750 729 2836 lalprp'peor,
753 2751 788 2813 id
809 2762 855 2813 est
876 2749 1067 2827 montorium,
1091 2749 1201 2811 dicere.

357 2961 621 3039 lonqceuitus:
655 2963 780 3043 Ambr,
809 2962 895 3027 Hier.
927 2982 976 3044 ep.
1005 2963 1055 3040 36,
1080 2963 1099 3025 6
1128 2959 1344 3044 lcupaeuitote

245 3096 247 3102 ’
279 3083 429 3146 rnoeroric
459 3083 650 3166 compulsus,
685 3082 762 3164 Aug.
784 3080 818 3145 in
840 3081 884 3146 Io.
908 3085 947 3146 tr.
971 3082 1022 3159 32,
1047 3083 1075 3160 9,
1103 3078 1211 3159 Maon,
1233 3079 1342 3145 Rurio.

278 3220 327 3283 ep.
343 3199 384 3280 ΙΙ,
403 3200 451 3280 10,
475 3199 619 3267 Cassiod.
634 3201 667 3266 in
682 3220 729 3283 pe.
743 3201 793 3280 38,
810 3201 829 3266 5
852 3208 881 3265 si
898 3211 1006 3286 posset
1028 3206 1070 3264 ad
1092 3201 1176 3263 illurn
1196 3212 1344 3262 cunctam

278 3320 524 3384 incarnationem
548 3367 555 3383 .
581 3368 588 3384 .
612 3321 677 3383 eius
701 3320 895 3399 lanqueuitac
915 3319 1092 3404 peruenire.

356 3532 596 3610 lonpanirnis:
620 3531 651 3597 S.
668 3533 709 3612 S,
734 3533 818 3598 Hier.
836 3532 919 3617 Orig.
935 3533 967 3595 in
987 3530 1048 3597 Ier.
1065 3530 1096 3597 h.
1114 3534 1150 3594 ll
1176 3552 1206 3614 p.
1224 3530 1289 3595 850
1303 3529 1342 3595 V.

277 3653 455 3729 lonpaninris
471 3650 578 3736 fuisti
591 3675 711 3737 semper
725 3653 798 3717 buio
807 3651 927 3738 populo
944 3652 1133 3737 delinquenti,
1154 3669 1204 3714 an.
1227 3649 1261 3713 in
1283 3650 1343 3716 Iob

277 3771 309 3872 ΙΙ
329 3792 361 3854 p.
381 3770 439 3834 137
463 3771 679 3855 reponimur,
705 3771 780 3854 Aug.
797 3792 888 3837 serm.
914 3774 943 3850 9,
968 3775 995 3851 1,
1019 3773 1047 3852 2,
1072 3769 1162 3834 Oros.
1185 3789 1211 3832 c.
1231 3766 1341 3853 Pelag.

168 3937 169 3940 ,
277 3911 307 3973 p.
332 3890 393 3954 606
424 3902 556 3974 propter
589 3891 791 3968 lonqanineeru
821 3892 873 3956 eui
902 3903 1117 3974 aeternamque
1144 3895 1342 3970 clenentiam,

277 4008 315 4072 N.
339 4007 413 4087 Tir,
436 4007 509 4072 adu.
535 4008 752 4084 loncunirniter
776 4008 877 4092 Vulg„
900 4011 978 4090 Aug.
995 4028 1090 4074 serm.
1106 4009 1139 4073 in
1160 4007 1341 4074 circumcis.
1399 4049 1401 4052 -

276 4148 307 4211 p.
333 4128 413 4192 1138
436 4126 465 4191 D
488 4127 681 4211 (exivit).
704 4126 757 4207 Μ,
781 4147 832 4194 an.
855 4129 888 4193 in
910 4128 967 4194 Iob
990 4128 1006 4192 I
1027 4150 1058 4212 p.
1075 4130 1114 4193 47
1136 4129 1342 4214 peccantibus

276 4250 493 4334 leuponiuiter
516 4247 691 4333 parcendo,
724 4269 808 4314 uers.
830 4253 894 4314 uet.
915 4248 1032 4333 Ignat.‚
1066 4247 1226 4328 Cassiod,
1262 4248 1341 4314 Isid.
