2964 4942
661 433 894 498 -356-

241 621 328 702 VIII,
351 623 402 699 26,
432 618 541 684 Ambr.
565 617 646 682 st.
669 615 725 697 IV,
749 618 778 696 8,
801 617 853 696 33,
880 615 968 681 Hier.
992 635 1043 698 sp.
1066 616 1121 693 96,
1148 615 1327 691 16⁸rnaaos

241 753 271 806 et
294 744 508 805 incantatores
530 736 582 814 sl,
606 735 707 820 ang,
731 737 810 819 Aug.
831 737 866 800 io
880 735 976 817 Hspt
992 733 1012 797 l.
1029 733 1050 797 1.
1073 737 1109 799 at
1130 733 1176 813 ΙΙ,
1193 735 1236 796 22
1252 753 1324 816 sqq.

240 860 293 941 al,
316 881 367 925 an.
389 860 423 924 in
446 856 506 923 Iob
528 855 577 921 III
597 878 630 940 p.
653 857 726 934 219,
755 853 842 933 Isia,
865 853 963 919 schol.
990 851 1092 935 Verg,
1118 851 1187 931 all,
1213 887 1255 899 -
1278 861 1324 914 in·

240 979 379 1043 cantatio
401 977 495 1056 Tert,
519 977 545 1040 F
546 977 627 1056 inm,
648 975 737 1040 Hiar.
759 975 793 1038 in
814 973 856 1037 Is.
871 972 905 1036 II
926 971 970 1037 ad
991 973 1021 1046 3,
1046 972 1065 1036 3
1089 971 1196 1036 omnis
1219 993 1322 1033 ser-nno

242 1098 381 1185 apostoli
399 1105 506 1159 contra
530 1106 686 1180 serpentes
710 1104 739 1157 et
761 1095 890 1179 aspides
913 1092 1087 1155 incantatio
1110 1100 1170 1168 est,
1196 1089 1292 1172 ang.

319 1284 550 1366 incantatrix:
577 1297 629 1363 es.
647 1298 743 1382 cypr.
768 1296 855 1380 supa
878 1301 972 1362 marc.
996 1298 1037 1362 35
1060 1295 1107 1359 aa
1127 1296 1323 1361 enarrans

242 1444 311 1484 mem
331 1425 469 1484 rernedia
491 1419 642 1498 confapit.

321 1604 593 1706 lucapelllltatt
621 1623 700 1706 Aug.
724 1641 751 1686 a.
774 1620 936 1686 Maximin.
958 1619 982 1696 Ι,
1005 1622 1034 1696 9,
1059 1621 1078 1680 2
1101 1641 1165 1681 ecce
1190 1626 1321 1705 incapa-

243 1744 391 1807 bilitatem
417 1741 509 1804 habet
531 1742 645 1820 Pater,
674 1764 752 1826 qnae
779 1763 839 1804 non
870 1752 915 1802 est
943 1750 1008 1802 tna.
1052 1736 1099 1802 Gl'.
1122 1735 1180 1802 inf.
1201 1727 1321 1821 (2867)

242 1860 485 1938 insensualitas,
511 1859 639 1942 aliaque
662 1859 894 1942 Augustiniana
915 1858 948 1922 in
970 1862 1063 1922 ·tas:
1093 1859 1322 1922 corrationali-

243 1986 304 2058 tas,
326 1977 531 2044 ineffabilitas
552 1975 609 2043 inf.
630 1979 724 2056 2699,
747 1976 943 2043 mendositas
957 1997 984 2042 c.
1000 1975 1109 2040 Faust
1125 1975 1263 2052 XXXII,
1282 1979 1320 2042 16

239 2094 425 2164 ‘nonnullae
456 2097 603 2164 codicum
636 2095 899 2176 mendositatcs',
933 2100 999 2160 nat.
1029 2101 1063 2159 et
1088 2102 1172 2178 grat.
1206 2100 1242 2160 61
1278 2097 1339 2161 al·

243 2216 399 2300 (Cassiod.
416 2216 491 2281 Inst
515 2216 585 2280 Diu.
603 2219 633 2294 4,
656 2214 699 2280 ib.
719 2216 783 2299 15),
806 2217 973 2298 nugacitas
995 2215 1115 2282 catech.
1135 2219 1186 2297 16,
1210 2239 1237 2282 o.
1255 2238 1317 2282 sea.

242 2358 325 2421 resp.
349 2337 408 2402 Iul.
432 2339 469 2418 V,
494 2341 532 2402 15
556 2336 598 2402 al.
623 2335 755 2420 ([Fulg.]
779 2357 873 2402 serm.
897 2339 1024 2421 5401.)

321 2527 561 2627 incapacitas:
587 2540 738 2606 Philaia.
755 2543 820 2626 (s),
838 2542 942 2607 Rufin.
956 2541 1042 2626 0153.
1058 2543 1092 2608 in
1107 2542 1184 2608 Len.
1201 2541 1233 2606 h.
1251 2547 1285 2622 4,
1305 2549 1318 2607 1

242 2670 409 2726 secandam
429 2665 669 2746 incapacitatem
686 2662 899 2744 audientiam3
923 2697 964 2710 —
988 2663 1124 2746 insopor
1137 2661 1238 2742 Hier,
1256 2663 1322 2727 Ru·

242 2783 296 2846 fin.
320 2781 407 2865 Orig.
430 2783 463 2845 in
486 2781 577 2846 Cant.
596 2784 610 2847 I
632 2802 664 2865 p.
680 2783 744 2846 330
766 2781 817 2862 al,
842 2781 971 2862 [Rufiu]
1001 2783 1034 2846 in
1056 2780 1125 2846 Ioel
1147 2782 1177 2858 3,
1202 2785 1222 2846 9
1246 2803 1322 2866 sqq.

244 2902 334 2985 quasi
346 2902 452 2978 mapni
466 2902 648 2966 certaminis
663 2903 837 2986 incapaces,
863 2901 952 2985 Aug,
968 2899 1074 2979 Prud.,
1091 2899 1215 2964 PauIIn.
1234 2899 1324 2982 Nol,

201 3065 202 3068 ,
243 3019 326 3085 Mar.
349 3020 456 3099 Mera,
480 3019 566 3086 Salo.

321 3193 501 3291 incaptus:
529 3207 616 3273 Hier.
639 3206 673 3272 in
695 3187 899 3274 Enoch.le
921 3207 965 3272 ad
987 3209 1038 3286 47,
1061 3209 1166 3289 6sqq.
1191 3220 1222 3270 et
1242 3211 1327 3274 nihil

242 3328 395 3391 remansit
417 3328 591 3412 incaptum.

321 3507 556 3562 incarnare:
585 3497 728 3561 »Amara
755 3495 828 3582 (DV
843 3518 907 3562 non
928 3497 1069 3562 indicato
1090 3495 1184 3579 loco),
1212 3499 1323 3565 Rufin.

244 3615 329 3698 Orig.
351 3617 384 3680 in
406 3614 457 3680 Ps.
481 3619 522 3682 38
546 3616 577 3681 h.
601 3617 632 3696 2,
655 3620 675 3682 8
702 3619 757 3702 qai
783 3618 904 3680 animos
925 3628 1050 3681 nostras
1073 3618 1324 3687 incarnaairnas

242 3739 294 3800 ael
323 3737 578 3817 incrassaaimae,
606 3737 703 3819 intpc.
727 3737 813 3821 Orig.
840 3738 873 3802 in
901 3736 1081 3826 Marsuas
1118 3740 1229 3801 anima
1259 3765 1324 3806 nan

237 3865 352 3938 potens
374 3877 493 3942 semper
514 3855 647 3940 sufferre
671 3855 792 3919 labores
821 3856 912 3942 qnasi
938 3865 1045 3919 creata
1075 3867 1104 3918 et
1133 3857 1324 3940 incarnata,

243 3973 325 4055 Aug.
342 3994 366 4037 s.
387 3976 525 4055 118,16,
548 3975 646 4057 intpr.
662 3975 755 4056 Iren.,
778 3973 823 4042 01.
840 3974 939 4040 Mam.
956 3996 1017 4054 an,
1041 3972 1196 4054 Cassian,
1218 3977 1324 4059 Salu,

244 4089 332 4173 Fulg.
357 4092 465 4174 Rusp.,
489 4093 573 4157 Patr.
598 4092 696 4172 Dias,
721 4092 863 4160 Cassiod.
888 4092 1044 4178 (Epiph.),
1068 4111 1207 4174 quornm
1231 4097 1325 4165 locos

243 4210 402 4276 indicabit
429 4211 496 4277 DV.
850 4193 857 4202 ’
1333 4211 1335 4216 ’
