2970 4936
533 421 679 486 -ttt
723 456 764 468 -

115 606 199 691 Orig.
222 629 254 690 p.
277 607 349 688 400,
373 610 452 691 Aug.
477 607 523 672 Do
546 607 623 672 Gen.
647 613 761 685 eontra
783 606 918 672 Manioh.
942 606 982 681 II,
1007 607 1026 670 8
1061 608 1181 670 animoa

114 751 221 792 sensus
243 740 286 790 est
308 727 439 794 additus
462 736 521 792 ista
541 725 766 812 insufflatione,
790 731 822 790 st
845 725 888 790 ib.
909 724 995 807 aliq,
1017 725 1060 790 id.
1086 726 1181 790 anim.

114 849 190 930 orig.
214 847 238 925 I,
265 850 313 925 14,
337 849 378 910 22
408 870 477 910 ourn
508 857 536 908 et
568 853 712 930 spiritum
746 844 881 908 hominis
910 845 1021 929 (Deus)
1051 847 1084 908 in
1112 847 1183 928 ipso

106 968 221 1049 finyot,
238 965 450 1050 quaerendum
465 977 519 1043 est,
536 976 642 1028 utrum
654 987 736 1028 nouo
753 963 976 1050 lnsufflatione,
994 988 1035 1026 on
1048 975 1183 1027 tractum

114 1107 152 1148 aa
169 1093 351 1170 propaqine,
370 1084 416 1149 -ib.
433 1086 479 1162 19,
496 1084 537 1148 33
553 1104 601 1148 ex.
615 1083 666 1160 al,
689 1083 786 1164 intpr.
803 1082 895 1161 Iron,
920 1083 1010 1147 Oros.
1028 1082 1182 1165 spoL‘tss,

115 1203 178 1268 Leo
194 1203 236 1267 Μ.
260 1223 364 1283 serm,
389 1202 530 1267 Cassian.
552 1201 629 1268 Coll.
648 1201 733 1279 VIII,
748 1203 800 1281 21,
824 1200 910 1266 Coel.
928 1203 1013 1284 Aur,
1038 1201 1182 1267 Cassiod.

115 1341 166 1385 sn.
193 1325 218 1385 l.

192 1579 522 1643 insultabundus:
555 1581 631 1660 Aug.
648 1599 674 1642 o.
691 1577 750 1643 Iul.
769 1577 821 1675 Ill,
841 1580 889 1656 12,
906 1579 947 1643 38
963 1578 1003 1644 al.
1032 1580 1082 1663 (of.
1101 1579 1182 1664 DV).

194 1834 422 1917 1118111ῐᾶ110ῐί
457 1853 536 1916 Don.
567 1851 608 1916 ad
629 1851 698 1916 Ter.
723 1854 819 1935 (nunc
846 1851 920 1916 edd.
947 1851 1030 1935 (lg),
1055 1854 1132 1936 Aug.
1156 1872 1182 1918 o.

116 1991 177 2035 sec.
202 1991 286 2053 resp.
301 1971 368 2059 Iul.
385 1970 440 2050 VI,
460 1973 500 2037 25
525 1994 630 2035 eorum
652 1995 700 2033 nne
720 1973 894 2056 prinoipem
916 1971 1103 2036 insultanter
1127 1995 1183 2056 op-

111 2089 215 2177 pellas
243 2102 351 2154 eontra
379 2089 542 2154 solentiam
571 2104 599 2152 ot
630 2091 849 2153 conscientiam
880 2101 980 2170 tuam,
1015 2089 1058 2153 id.
1088 2109 1182 2155 serm.

113 2212 164 2290 88,
190 2212 229 2276 18
252 2212 291 2294 (t.
308 2210 381 2292 Gg.)
405 2210 456 2290 al,
483 2210 614 2294 [Rufio]
638 2209 669 2272 in
695 2208 795 2274 sual
818 2209 859 2274 sd
884 2212 914 2288 4,
937 2212 1040 2292 Isqq.
1057 2207 1097 2272 al.

59 2545 61 2548 ,
150 2577 153 2580 ¹
189 2482 424 2548 insultatio:
448 2479 520 2544 Val.
543 2480 627 2544 Max.
651 2479 696 2544 VI
713 2482 795 2562 (non
819 2479 902 2562 VII),
926 2481 954 2558 8,
979 2483 998 2544 4
1022 2479 1184 2544 obtrunca-

115 2613 180 2666 turn
212 2600 409 2664 insultationi
439 2599 575 2662 hostiurn
602 2599 776 2678 subtranit,
811 2599 933 2678 Quint„
961 2599 1064 2678 Flos,
1086 2598 1183 2665 Solio.

116 2721 261 2802 (propa),
286 2717 371 2782 Hier.
389 2717 428 2788 ¹in
445 2714 498 2779 ΕΖ.
516 2715 593 2780 VIII
616 2715 657 2780 ad
681 2719 731 2795 26,
760 2720 772 2779 1
805 2717 881 2803 Tyri
901 2719 1184 2808 protnsaltatione

16 2838 19 2843 ’
115 2847 179 2902 ains
203 2849 231 2901 et
251 2835 369 2923 gaudio
397 2838 589 2901 munimento
619 2835 771 2900 destruant
797 2836 853 2908 aL,
889 2841 966 2920 Aug.
991 2836 1030 2902 de
1053 2836 1132 2902 Gen.
1156 2860 1182 2905 o.

114 2953 374 3033 Manish.11,21
403 2957 440 3035 (r.
466 2954 553 3037 Gg.),
586 2955 675 3019 Oros.
702 2954 770 3031 VII,
795 2957 835 3019 34
859 2954 937 3038 (in),
965 2959 1040 3019 Arn.
1063 2956 1127 3020 iun.
1151 2957 1183 3020 in

115 3097 162 3158 ps.
190 3076 249 3138 136
273 3079 311 3157 (r.
336 3075 407 3158 Gg.)
437 3075 526 3138 nobis
555 3081 713 3138 daemones
743 3075 928 3138 insultantes
951 3075 1042 3158 qnasi
1072 3075 1104 3136 in
1134 3074 1184 3138 lu's

114 3193 218 3257 uerbis
239 3194 478 3256 insultationum
500 3215 629 3256 suarum
652 3216 741 3257 uooss
764 3191 907 3288 adhibere
932 3239 981 3266 .,.,
1005 3192 1128 3257 Ennod.

155 3511 158 3516 ·
196 3443 402 3550 l'nsultator:
432 3486 509 3568 Aug.
533 3506 558 3549 o.
575 3485 682 3549 Faust.
699 3484 766 3562 XV,
784 3487 802 3549 9
826 3507 880 3547 neo
902 3495 992 3550 aurat
1014 3481 1183 3568 (Ecclesia)
1304 3513 1305 3518 ¹

75 3677 81 3688 ο
115 3607 299 3691 imperitans
320 3606 551 3682 insultatorem,
583 3623 675 3668 serm.
704 3604 773 3682 105,
797 3605 817 3668 8
850 3617 885 3668 ut
908 3651 916 3667 .
940 3650 947 3666 .
970 3603 1185 3688 respondeatis

113 3725 345 3788 insultatoribus
368 3734 397 3784 et
420 3721 714 3806 blasphematoribls
730 3723 863 3786 nominis
885 3721 1046 3785 olrlstiani
1067 3723 1116 3804 (qs
1137 3719 1184 3784 lo·

114 3861 168 3905 eos
189 3863 219 3907 r,
232 3842 314 3927 Gg.),
339 3845 371 3908 in
394 3864 442 3926 ps.
459 3847 510 3922 41,
527 3845 556 3924 8,
579 3845 612 3908 in
636 3847 685 3924 74,
702 3846 721 3908 3
738 3843 790 3929 al,
814 3843 908 3908 Aldh.
925 3842 1011 3908 laud.
1028 3843 1107 3926 uirg.
1124 3845 1178 3921 45;

54 4048 60 4064 Ι
115 3996 155 4005 -
179 3961 640 4042 insultator-iasTert.,
670 3962 748 4045 Aug.
772 3963 804 4026 in
831 3983 877 4045 ps.
902 3962 943 4026 34
972 3982 1063 4026 serm.
1088 3963 1117 4039 2,
1144 3965 1179 4022 ll

115 4077 266 4162 quomodo
289 4081 437 4144 simulata
460 4094 530 4146 erat
550 4105 620 4168 pau
641 4085 793 4167 ipsorum,
822 4131 829 4144 .
854 4130 860 4144 .
891 4083 938 4146 sio
959 4083 1025 4146 iarn
1048 4079 1181 4144 insulta·

116 4197 200 4260 toria
222 4203 291 4259 laus
314 4221 429 4264 eorum.
