2964 4942
646 412 878 478 -aai-

227 598 309 682 priu.
332 599 512 682 composita
541 597 742 666 substantiua
769 617 847 664 rara
871 598 904 664 in
927 619 984 666 suo
1007 618 1159 682 quaeque
1180 619 1313 683 genere,

227 722 264 783 ut
284 717 453 783 insatietas
471 715 584 796 Puni,
608 716 777 780 imbonitas
792 716 879 811 Tert.
895 720 972 801 (000
987 723 1197 801 comparente
1215 720 1313 784 nlmi-

227 859 297 903 rum
319 837 477 915 imbonus‚
501 837 686 902 inuatiuitas
703 835 758 901 ini.
775 837 869 917 2813,
891 835 1117 920 impoenitudo:
1143 839 1245 917 2440,
1269 876 1311 886 -

226 957 373 1022 innciitia
395 955 476 1020 vin.
501 956 546 1020 Ill
568 975 617 1037 pr.
641 956 660 1020 3
684 956 723 1039 (r.
741 953 811 1038 Gg.)
829 954 868 1021 “si
889 959 1025 1041 propter
1046 956 1234 1022 innotitiam
1258 978 1308 1022 ar·

227 1076 268 1143 iis
297 1075 432 1140 uirtutes
460 1073 703 1153 obscurantur'‚
733 1073 814 1140 Gall.
838 1076 1031 1161 (inpunita
1058 1076 1157 1156 Nou,
1192 1076 1307 1142 Ambr.

227 1195 299 1262 furt.
323 1199 373 1260 est
395 1192 437 1259 ab
459 1191 604 1275 impiger,
630 1191 852 1258 inabstinentia
875 1192 999 1259 Eunai.
1021 1199 1133 1277 potest
1156 1215 1230 1276 esse
1253 1196 1308 1261 ds-

227 1315 360 1380 ductum
383 1311 425 1378 ab
448 1310 656 1392 inabstinens,
680 1310 767 1395 quud
785 1312 819 1377 in
834 1312 928 1394 gloss.
944 1311 1106 1396 habetur),
1129 1350 1173 1362 -
1193 1315 1307 1379 (0000-

228 1441 287 1498 tola
309 1434 431 1518 (2510),
453 1431 663 1518 indisciplina
685 1431 807 1511 Boeih„
829 1432 952 1515 inquies
974 1431 1064 1512 Plin.‚
1088 1431 1183 1513 Geli,
1207 1434 1305 1514 Tert,

227 1553 400 1638 indiperies
417 1554 539 1637 (2655),
563 1557 606 1634 et,
629 1552 776 1635 quamuis
799 1552 976 1635 antiquitus
999 1551 1165 1632 usitatum,
1188 1552 1306 1620 intem-

226 1672 341 1755 peries.
376 1671 421 1737 Oi.
446 1675 479 1736 et
501 1671 584 1735 2626
592 1669 620 1733 “.

305 1855 482 1939 illicenter
509 1873 614 1940 Iunco.
640 1895 715 1958 pap.
739 1875 846 1959 episi:
870 1876 898 1939 Α
920 1896 952 1958 p.
972 1879 1044 1942 18⁴.

306 2059 504 2144 illicitatio:
532 2079 674 2144 cassian.
687 2079 765 2145 con.
780 2079 851 2160 uc
876 2081 949 2166 00
972 2085 1121 2146 antenaco
1144 2075 1176 2149 'a
1189 2086 1306 2170 flaua

228 2201 440 2278 tentationum,
465 2205 485 2266 4
508 2203 574 2266 aine
596 2201 762 2266 cuiusdam
777 2203 929 2265 materiae
946 2203 1134 2266 illicitatione
1157 2203 1262 2286 (locos
1278 2229 1303 2270 r.

228 2319 316 2403 (10,),
341 2359 381 2368 -·
404 2320 557 2386 illectatio
581 2320 678 2398 Gall,
701 2319 844 2385 illeciars
867 2320 992 2398 Amba,
1018 2323 1112 2402 Aug„
1138 2323 1187 2387 Ps.
1214 2323 1304 2390 Tert.

227 2459 324 2504 carm.
350 2440 423 2504 adu.
448 2439 556 2512 Mara,
583 2439 635 2504 all.

305 2628 465 2691 illicite:
490 2628 568 2710 Dig„
591 2629 685 2706 Turn,
712 2628 798 2694 Hier.
821 2630 853 2693 iu
876 2629 918 2693 Is.
942 2629 1049 2694 XVIII
1071 2629 1114 2693 ad
1137 2632 1189 2710 66,
1214 2634 1234 2696 2
1257 2655 1305 2718 sq.

227 2768 307 2830 qnae
331 2745 534 2809 trucidantur
558 2747 679 2825 illicite,
704 2750 781 2830 Aug.
799 2747 897 2812 doctr.
915 2747 980 2812 chr.
999 2751 1037 2827 ll,
1054 2751 1094 2812 26
1117 2756 1207 2813 utilia
1228 2767 1307 2816 sunt

190 2882 194 2890 ·
227 2887 282 2927 nec
311 2866 478 2929 discuntur
505 2866 611 2928 illicite
633 2865 684 2944 al,
713 2865 810 2949 intpr.
834 2864 920 2948 Orig.
943 2866 975 2929 iu
1005 2865 1121 2931 Matth.
1145 2869 1217 2945 110,
1251 2891 1305 2936 an.

226 2985 259 3048 in
289 2983 385 3050 Iobl
413 3005 444 3067 p.
469 2986 497 3058 7,
521 2984 563 3048 60
586 2983 641 3063 al,
673 2983 834 3049 Chromat.
861 2993 901 3049 tr.
927 2985 976 3064 10,
1003 2989 1016 3048 1
1047 2992 1162 3070 populo
1193 2987 1307 3052 illicite

227 3103 358 3182 uiuenti,
381 3101 434 3166 all.

306 3288 501 3372 illigatio:
528 3295 612 3370 Aru,
636 3294 678 3356 M.
695 3291 784 3374 Cap,
808 3290 949 3358 Cassiod.
972 3293 1003 3357 in
1026 3314 1074 3377 ps.
1097 3295 1203 3372 146‚3
1227 3317 1305 3360 ossa

226 3411 335 3490 fracta
358 3457 364 3472 .
389 3456 396 3472 .
419 3411 583 3475 linteorum
604 3413 773 3496 illipatione
797 3413 1020 3490 constrinpuni.

306 3599 605 3664 illinimentum:
636 3598 720 3664 Coel.
746 3600 832 3681 Aur„
856 3600 943 3666 (lass.
966 3600 1031 3665 Fel.
1055 3600 1095 3664 35
1122 3620 1153 3680 p.
1178 3600 1219 3662 76
1250 3603 1305 3664 ori

228 3718 421 3797 conueniens,
437 3717 477 3782 37
493 3737 526 3800 p.
542 3718 597 3797 823
622 3753 660 3764 -
685 3715 776 3781 uerbi
791 3715 914 3783 formae
936 3716 1095 3782 illinire
1111 3716 1192 3781 Vitr.
1211 3717 1304 3802 VIII,

228 3838 256 3915 7,
280 3837 300 3901 8
330 3847 511 3921 coapmenta
539 3884 546 3900 .
571 3883 578 3898 .
608 3842 688 3900 calce
712 3845 788 3901 uiua
818 3884 824 3901 .
849 3885 856 3900 .
889 3837 1053 3902 illiciendo
1080 3837 1304 3904 testimouium

228 3929 278 4021 ast
292 3955 456 4038 antiquius
470 3954 509 4019 iis
525 3955 612 4035 locis,
631 3956 746 4038 quibus
762 3957 936 4039 acquiescit
950 3954 1042 4021 Neue
1057 3955 1109 4020 FL
1125 3958 1163 4031 ΙΙ,
1178 3976 1211 4039 p.
1225 3961 1304 4040 417,

227 4074 321 4155 Cels,
345 4074 422 4155 001,
447 4074 543 4153 Tora,
573 4079 606 4140 et
631 4074 680 4154 iis,
713 4075 767 4158 qui
789 4075 944 4140 accedunt
972 4095 1028 4159 aps
1049 4076 1107 4158 Gg.
1131 4096 1149 4141 0
1170 4075 1306 4143 Rlinsch

226 4195 266 4261 It.
289 4215 320 4279 p.
347 4197 419 4270 285,
442 4194 473 4259 S.
497 4194 529 4259 S.
554 4194 632 4259 Gen.
656 4214 707 4278 ap.
730 4194 848 4274 Amba,
873 4195 949 4279 Veg.
974 4217 1015 4275 0.,
1040 4193 1127 4278 Sulp.
1152 4195 1236 4278 Seu,
1261 4218 1305 4265 ex
