3000 4942
576 424 806 488 -185-

160 615 257 694 atque
279 609 326 674 ita
349 608 507 690 depositio
528 609 549 672 i.
572 608 730 687 decessus,
756 630 843 675 more
859 611 999 676 Cassian.
1016 610 1094 677 coll.
1111 613 1197 691 XIX,
1216 616 1229 675 l

156 731 195 813 (r.
218 727 291 812 Gg.)
312 731 440 814 priores
464 730 593 792 abbatie
617 731 841 794 anniuersario
865 730 1018 817 depositio
1041 732 1233 797 sollemniter

156 847 382 914 celebrabatur.

234 1017 520 1102 depopulator:
544 1018 659 1085 Caeoil.
681 1039 771 1099 eon,
796 1020 872 1100 Cio,
896 1020 1001 1105 (type,
1025 1021 1111 1088 Hier.
1134 1024 1166 1088 in
1189 1023 1229 1090 Is.

158 1137 184 1201 v
208 1137 251 1203 ao
276 1141 325 1218 re,
350 1140 431 1225 esq.
448 1138 500 1218 ai,
525 1111 626 1222 vau.
650 1137 755 1204 rufin.
779 1139 910 1207 uere.
927 1143 964 1218 x,
984 1143 1024 1207 re
1049 1142 1103 1207 rere
1125 1144 1232 1208 anor

150 1258 255 1344 fileae,
276 1271 428 1344 paternae
452 1257 663 1344 depopulator
686 1259 891 1324 aabetantiae.

104 1442 156 1483 nro
235 1427 507 1512 depositione:
531 1448 616 1511 pass,
641 1428 793 1503 Cassiod..
817 1435 878 1494 aet.
903 1429 1005 1495 Diom.
1023 1431 1038 1494 Ι
1059 1452 1090 1515 p.
1108 1432 1168 1496 337
1193 1455 1232 1496 ea

157 1548 215 1611 leae
230 1547 345 1634 forma
366 1561 439 1612 eant
469 1550 523 1632 (so.
549 1567 659 1613 eorum
682 1567 765 1631 quae
792 1549 998 1614 nominantur
1020 1550 1120 1615 uerba
1142 1572 1230 1615 neu·
1280 1531 1282 1535 Α

156 1670 243 1750 tra)
274 1678 303 1730 et
330 1666 390 1731 illa
418 1669 514 1732 aerbo
540 1668 574 1731 in
604 1667 717 1753 qaibne
751 1690 805 1729 neo
839 1669 959 1752 apertio
992 1691 1047 1732 nee
1076 1671 1231 1754 patientia

156 1789 349 1874 aipnifiaatio
370 1787 461 1873 pleae
484 1787 662 1852 dinoscitur
685 1837 692 1852 .
716 1837 734 1866 .,
756 1799 792 1852 nt
807 1787 897 1851 sedeo
913 1787 992 1852 rado
1009 1788 1132 1858 dormio
1146 1792 1231 1854 iaceo

156 1920 203 1970 eto
226 1907 315 1991 alqeo
342 1908 415 1970 sitio
440 1908 542 1971 erario
565 1957 571 1971 .
593 1909 692 1971 nescir
713 1908 795 1971 enim
818 1920 893 1994 apat
916 1911 988 1994 qaia
1011 1932 1053 1970 on
1073 1911 1230 1995 patiatur.

157 2049 235 2112 qaae
258 2025 389 2112 quidam
412 2074 419 2090 .
444 2074 450 2089 .
480 2026 663 2090 absolatiaa
692 2025 852 2111 (absolute
875 2052 915 2080 =
938 2028 1152 2113 intransitive)
1176 2052 1231 2114 ap·

154 2145 286 2230 pellant,
311 2137 369 2209 non
393 2144 475 2208 nulli
497 2145 678 2231 depoan'tiaa
697 2148 868 2224 nominant,
892 2145 1041 2210 nimirum
1060 2167 1121 2212 non
1139 2149 1231 2230 quasi

161 2265 381 2347 »argentinae«,
406 2265 462 2331 sed
485 2286 527 2331 eo.
546 2265 613 2330 iere
636 2285 740 2346 sensu,
765 2286 829 2348 quo
851 2265 951 2332 uerba
970 2266 1118 2331 dicuntur
1136 2266 1231 2349 depo-

156 2384 273 2462 nentia,
302 2390 415 2467 utpote
439 2405 520 2469 quae
544 2385 750 2466 deposuerint
772 2385 960 2451 alterutram
985 2385 1128 2466 termam,
1152 2387 1232 2453 haee

156 2504 283 2588 quidem
307 2505 479 2587 passiuam,
502 2505 558 2569 illa
581 2505 729 2570 actiuam.

235 2675 488 2757 deprauatio:
522 2675 584 2740 Cio.
608 2697 706 2759 saep,
737 2677 808 2742 Seu.
833 2698 867 2754 a,
897 2677 981 2742 adde
1005 2677 1092 2742 Laut.
1117 2678 1166 2742 ira
1184 2681 1229 2744 Ι15

156 2795 227 2859 lino
250 2797 373 2860 enatitit
394 2797 426 2859 in
449 2794 627 2860 lominr'bar
650 2807 785 2858 naturae
808 2820 885 2860 areae
909 2795 1107 2882 deprauatr'o.

235 2964 257 3027 d
266 2989 280 3028 e
282 2976 496 3052 pronotor:
520 2965 616 3050 intpr.
641 2939 721 3031 Iren,
747 2939 861 3050 (itabat
877 2959 956 3050 DV),
981 2966 1066 3032 Petr.
1084 2966 1229 3050 Chryaol.

155 3103 249 3147 serm.
272 3086 313 3148 96
348 3097 383 3149 at
410 3134 417 3149 .
442 3135 449 3150 .
481 3085 518 3148 de
542 3085 666 3151 doctore
693 3085 888 3172 depraaator
912 3089 1088 3166 resisteret,
1122 3086 1229 3152 Gelas·

156 3223 230 3286 pap.
254 3224 303 3286 ep.
328 3207 357 3282 6,
381 3203 465 3288 Greg
500 3205 539 3269 M.
564 3205 711 3288 (Quian),
735 3207 827 3272 Thes.
851 3229 880 3271 n.
905 3207 960 3271 lat.

114 3449 116 3453 ¹
235 3374 467 3456 deprecatio
487 3399 561 3460 pro
583 3378 743 3461 precatio:
767 3337 865 3453 Hier..
888 3385 924 3442 ut
946 3399 995 3460 ep.
1016 3380 1118 3455 1221
1147 3379 1232 3466 qnod

155 3495 279 3579 ipnotaa
304 3494 348 3558 ael
369 3497 510 3580 donatam
533 3495 634 3560 andro
657 3498 806 3575 seribere,
838 3497 1000 3580 Hedpbiae
1024 3499 1098 3573 feeit
1122 3497 1229 3583 depre-

50 3633 52 3638 ’
156 3615 248 3686 aetio,
277 3635 303 3678 e.
328 3613 433 3698 Pelag.
457 3617 480 3694 1,
505 3619 533 3688 5,
559 3637 609 3680 au.
632 3617 665 3680 in
689 3617 745 3682 Iob
770 3621 783 3682 1
813 3640 843 3700 p.
867 3620 907 3683 39
934 3619 967 3682 in
989 3620 1155 3681 matutinis
1180 3619 1230 3681 cle-

152 3733 400 3815 preeationibne,
425 3736 518 3799 sicuti
534 3743 566 3800 et
582 3735 745 3819 deprecari
762 3757 848 3818 saep.
867 3757 946 3801 rece.
964 3738 1074 3820 magis,
1091 3744 1126 3801 ut
1142 3738 1229 3803 Hier.

156 3871 205 3935 ep.
222 3854 309 3930 47‚2
333 3853 418 3939 qaod
439 3855 547 3919 Paula
569 3879 617 3918 me
640 3867 685 3918 eet
702 3855 869 3940 deprecata
890 3870 925 3919 at
941 3858 1097 3943 fenerem,
1121 3869 1230 3942 eponte

159 3970 255 4052 doeio,
278 3972 310 4037 in
334 3972 427 4038 Mtth.
454 3976 500 4040 111
525 3974 567 4039 ad
593 3978 641 4055 17,
669 3976 706 4040 18
729 3977 780 4052 al,
806 3974 908 4038 Rufin.
933 3975 1017 4058 Orig.
1042 3976 1074 4040 in
1097 3975 1171 4040 Leu.
1196 3975 1226 4039 h.

160 4091 207 4169 13,
235 4095 248 4154 l
276 4091 322 4154 od
342 4092 416 4156 lraea
439 4092 653 4178 dipnoeoenda
676 4095 801 4158 eonoedi
824 4096 912 4158 nolis
933 4097 1074 4180 pretium
1096 4097 1232 4160 Domini

158 4210 359 4297 deprecemur
382 4221 414 4277 et
436 4233 525 4295 saep.
