2970 4942
684 411 915 474 ..104-

343 600 626 686 compleniuuc:
660 577 740 663 Gell.
764 595 908 680 (lemm.)‚
936 595 1039 662 Diom.
1063 597 1091 662 II
1117 617 1149 680 p.
1173 597 1235 661 433
1265 619 1337 661 can-

264 721 378 785 innctio
402 720 597 806 compleniua
619 719 688 783 ciue
710 717 894 803 copulatiua
916 739 984 802 pue,
1008 716 1120 782 Soron.
1137 715 1220 818 laag.
1237 715 1335 799 (DV),

266 843 340 905 cell.
364 837 461 922 (Gg.).
1211 827 1213 832 ’

343 1007 586 1110 cononatus:
614 1024 706 1090 Thes.
730 1045 802 1090 nou.
825 1023 880 1090 ut.
905 1044 936 1106 p.
960 1022 1023 1088 453
1048 1023 1259 1108 (complura.

343 1193 632 1278 comploratio:
655 1194 735 1277 Liu,
760 1193 829 1262 tal.
848 1193 933 1259 Max.
956 1192 981 1274 1,
1005 1194 1034 1273 8,
1059 1198 1121 1258 ext.
1141 1197 1177 1257 11
1202 1193 1338 1278 complo-

268 1315 392 1381 ratioui
407 1315 571 1401 perminta
587 1313 659 1400 fuit
678 1314 866 1400 pratulctio,
890 1312 981 1393 Geli,
1006 1312 1126 1394 lustin„
1150 1311 1237 1377 Hier.
1262 1311 1336 1376 adu.

266 1431 366 1498 Lucii.
384 1434 424 1497 14
448 1432 538 1497 illurn
561 1432 842 1519 complorationem,
866 1454 945 1517 quae
969 1455 989 1496 a
1008 1432 1147 1496 Domino
1172 1429 1209 1493 cle
1226 1453 1338 1514 pecca-

268 1551 392 1615 toribus
410 1553 539 1638 prolata
563 1562 616 1615 eet.

345 1745 593 1829 compluere:
617 1757 735 1813 trano.
761 1744 861 1815 Solia.
886 1746 1103 1832 (complutus),
1127 1746 1223 1831 Gypr.
1248 1749 1338 1830 (pars

267 1863 498 1949 compluetur),
532 1865 620 1932 Hier.
649 1887 725 1950 quu.
755 1866 844 1932 hebr.
867 1867 900 1931 in
929 1865 1008 1932 Gen.
1031 1868 1083 1946 45,
1107 1869 1186 1950 9sq.
1221 1877 1339 1930 terram

200 1971 202 1975 ⁵
269 1985 458 2071 complutam
479 1984 531 2066 al„
555 1976 633 2070 Aug.

347 2174 613 2274 complurimi:
644 2173 724 2240 Gcll.
749 2174 801 2258 (l),
834 2171 923 2240 Orco.
947 2172 978 2238 h.
1002 2173 1124 2256 1V‚·14
1158 2175 1204 2240 ili
1225 2222 1234 2240 .
1259 2222 1268 2239 .
1290 2175 1339 2239 iu-

268 2305 371 2358 menta
394 2293 603 2378 complurima
627 2341 634 2358 .
658 2295 859 2380 perierunt.

346 2464 641 2564 culillmllol'lilssi
668 2481 758 2548 Eusl.
774 2481 854 2548 ch.
871 2484 895 2563 1,
918 2485 937 2546 9
961 2483 1215 2569 compositoriam
1237 2481 1340 2545 uirtu-

270 2611 330 2662 tem
353 2599 420 2662 eiua
443 2599 593 2684 intellipc.

229 2811 268 2850 uo
347 2808 660 2874 eompocceccor:
690 2788 785 2868 Γ1611,
814 2789 892 2872 Aug.
922 2789 955 2855 in
982 2810 1030 2873 ps.
1054 2792 1096 2856 30
1125 2809 1219 2855 serm.
1247 2793 1274 2868 1,
1299 2789 1340 2852 14

271 2908 369 2971 uicini
392 2907 448 2986 tui,
473 2953 480 2970 .
506 2955 512 2970 .
538 2907 796 2990 compocccmoric
818 2908 876 2986 tui,
898 2907 938 2991 gl.

346 3100 622 3184 compotatio:
647 3101 711 3167 Cic.
736 3104 877 3185 (uertens
899 3105 1091 3188 συμπόσιον),
1114 3103 1193 3188 Aug.
1218 3103 1258 3171 de
1277 3102 1341 3168 Ru·
1432 3171 1437 3178 ,

268 3223 336 3288 slic.
361 3223 382 3286 4
405 3221 487 3286 inter
511 3221 660 3285 conuiuia
682 3233 711 3285 et
732 3224 974 3309 compotationee
998 3223 1145 3290 diurnas.

347 3437 429 3483 com
438 3440 460 3503 p
470 3419 715 3486 rehensarc:
737 3419 783 3484 01.
793 3419 952 3504 Quadrig.‚
962 3420 1057 3485 Aldh.
1070 3425 1191 3504 septen.
1205 3420 1339 3500 aenigm.

272 3540 320 3617 14,
343 3560 373 3603 u.
398 3540 440 3604 20
459 3563 591 3624 procaci
615 3551 643 3604 et
662 3539 800 3627 pracilec
823 3562 931 3602 rerum
953 3561 1133 3626 comprenso
1148 3539 1288 3624 fipurac.

348 3736 625 3821 comprehensi
635 3736 789 3801 bilitas:
813 3734 943 3818 Dionys.
959 3734 1050 3816 Exig.
1074 3735 1173 3797 creat.
1196 3731 1281 3797 hom.
1300 3731 1337 3791 ll

270 3852 382 3937 (habet
397 3854 479 3937 DV),
496 3853 585 3936 Fulg.
601 3854 700 3936 Rusp.
717 3854 759 3919 ad
774 3853 909 3919 Trasim.
925 3852 964 3928 Π,
983 3855 997 3914 l
1025 3875 1093 3915 cum
1114 3852 1219 3935 ipram
1240 3850 1338 3912 ralio-

270 3974 374 4038 nalcm
403 3983 583 4036 creaturam
608 3972 706 4058 plana
735 3995 811 4037 cuae
842 3969 1182 4056 comprehensibilitatis
1212 3970 1340 4054 apnitia

271 4092 409 4154 creatori
436 4089 563 4176 quidem
591 4088 929 4176 comprehensibilium
942 4088 1058 4173 finita,
1087 4087 1151 4153 sibi
1173 4100 1276 4154 tamen
1295 4089 1341 4153 in·

272 4209 559 4298 comprehensibilia
583 4220 674 4300 atque
698 4209 835 4300 infinita,
859 4209 1005 4276 lassaret,
