2970 4942
705 434 745 446 -
793 398 867 488 124x
898 434 937 444 -

286 585 317 649 si
343 587 415 670 qais
446 583 593 670 defendit
620 585 754 671 impiam
788 582 981 648 Theodoram
1009 597 1038 646 et
1066 583 1168 667 impia
1197 584 1265 646 eins
1297 605 1373 646 con·

286 705 417 788 scripta,
441 709 474 769 et
495 704 537 769 ib.
561 703 617 768 inf.

364 856 630 923 consectatio:
666 856 728 921 Cio.
753 862 785 921 et
811 855 889 920 Plin.
914 877 954 921 ss.
979 855 1028 935 ll.,
1058 854 1157 921 Hilsr.
1180 856 1212 920 in
1243 855 1364 921 Mans.

286 979 314 1053 4,
339 976 379 1041 28
410 975 581 1058 (humanae
603 972 739 1059 laudis),
767 974 825 1038 Iul.
856 995 908 1058 sp.
938 976 1017 1058 Aug.
1048 994 1074 1039 o.
1104 996 1166 1041 sec.
1193 995 1276 1058 resp.
1302 976 1362 1042 Iul.

286 1095 337 1171 lv,
361 1096 400 1159 55
431 1095 511 1157 iane
539 1094 740 1158 ecclesiaram
764 1095 1074 1174 contaminationem,
1106 1118 1202 1181 qnam
1225 1093 1264 1157 de
1286 1096 1361 1161 Ma·

284 1213 409 1278 niciaei
432 1215 652 1278 consectatione
669 1215 828 1291 nomnisti,
853 1212 983 1296 [Rufio]
1000 1212 1032 1276 in
1052 1213 1104 1278 Os.
1118 1213 1133 1277 1
1149 1213 1191 1277 ad
1210 1217 1237 1292 l,
1255 1215 1360 1298 2sqq.

285 1355 427 1398 errornm
449 1333 617 1420 infantione
640 1347 668 1396 et
691 1332 829 1396 haeresis
846 1335 1075 1412 consectatione,
1098 1333 1141 1397 ib.
1158 1333 1201 1398 ad
1217 1335 1246 1413 2,
1264 1337 1360 1398 5-7.

362 1510 605 1604 «21822ῐὸ128,
632 1543 682 1588 us:
708 1521 837 1606 [Rufin]
853 1521 885 1585 in
902 1521 955 1586 Os.
972 1521 987 1584 1
1003 1522 1045 1586 sd
1062 1523 1091 1601 2,
1107 1524 1189 1586 5-7
1215 1523 1279 1587 ista
1302 1525 1360 1587 im-

282 1640 406 1726 paciens
428 1643 542 1706 maiier
565 1643 757 1707 consectanti
770 1642 975 1728 flopitiornm
991 1640 1113 1727 facicm
1135 1641 1291 1707 utilitatis
1308 1645 1359 1708 ob·

286 1758 392 1838 tendit,
416 1759 458 1824 id.
474 1760 518 1825 ib.
534 1762 576 1826 ad
591 1784 621 1826 u.
640 1764 763 1825 14—17
788 1773 964 1826 consectata
979 1761 1144 1840 idolorum,
1168 1763 1211 1828 sd
1226 1765 1256 1843 3,
1275 1768 1359 1830 1-5

285 1890 460 1943 consectata
483 1879 635 1959 libidinis,
657 1881 717 1945 inc.
742 1879 782 1944 de
804 1885 957 1963 assumpt.
981 1880 1017 1944 B.
1042 1880 1127 1965 Virg.
1152 1885 1170 1946 7
1193 1895 1258 1948 nt.
1285 1929 1292 1946 .
1318 1885 1360 1948 ab

284 2003 351 2066 eins
375 2050 382 2065 .
407 2050 413 2065 ·
437 2025 497 2065 non
520 2002 683 2064 recesserit
706 2010 888 2065 consectata.

245 2205 283 2244 sco
360 2178 574 2255 201182011ῐῦ2
596 2188 691 2252 Firm.
716 2209 775 2252 m.:
800 2190 836 2254 A.

361 2341 586 2409 consedere:
610 2343 641 2408 S.
659 2343 689 2409 S.
708 2346 757 2427 (ut
773 2343 852 2426 Eph.
869 2346 899 2423 2,
916 2347 935 2409 6
955 2363 1005 2427 ap.
1024 2343 1135 2428 Hinc),
1152 2344 1231 2426 Aug.
1247 2343 1356 2409 collat.

282 2485 308 2530 c.
331 2464 460 2530 Maxim.
485 2486 517 2548 p.
541 2465 602 2528 736
626 2463 667 2529 sl.

357 2640 638 2736 eonsencepstus
664 2652 803 2719 Pomm:
828 2654 855 2716 A
877 2674 908 2736 p.
927 2654 979 2716 nr.
1072 2719 1076 2730 ,

357 2825 710 2908 consempiternus:
743 2829 824 2887 auct.
849 2823 961 2888 Zacch.
989 2828 1022 2889 et
1049 2822 1152 2906 Apoll.
1179 2824 1202 2902 1,
1227 2825 1267 2888 25
1299 2848 1355 2888 nee

280 2943 524 3026 consempiterna
546 2943 711 3006 maiestati
730 2942 820 3006 illins
844 2942 1050 3022 aestimanda,
1075 2967 1155 3028 qaae
1172 2956 1206 3006 nt
1223 2955 1354 3010 aeterna

278 3063 343 3124 sint
376 3063 445 3144 ipse
471 3061 625 3147 facturas
659 3075 718 3139 est,
752 3061 817 3126 Leo
840 3061 881 3125 M.
906 3082 999 3127 serm.
1025 3065 1074 3139 46,
1098 3063 1127 3140 3,
1151 3060 1229 3125 Mar.
1254 3063 1352 3127 Mero.

227 3205 234 3227 ·
280 3178 402 3261 blasph.
427 3177 554 3244 Nestor.
585 3201 616 3263 p.
642 3182 703 3244 916
726 3180 778 3248 sl..
810 3180 901 3246 Dion.
924 3182 1027 3264 Exig,
1052 3180 1164 3266 [Fulg.]
1190 3201 1283 3245 serm.
1309 3185 1351 3246 52

277 3299 356 3362 Filii
377 3312 405 3360 et
428 3297 573 3383 Spiritus
597 3298 705 3364 Sancti
727 3323 793 3363 cnm
818 3300 917 3364 Patre
946 3303 1152 3386 omnipotente
1178 3301 1350 3366 consimilis

277 3431 305 3482 et
329 3421 580 3505 consempiterna
600 3431 751 3506 potestas,
775 3421 869 3504 Greg.
894 3420 968 3486 Tur.

355 3571 704 3640 'consentaneum
727 3595 811 3659 pers.
836 3596 866 3658 q.
891 3574 1091 3640 consentiens
1114 3573 1278 3638 Chromat.
1302 3573 1349 3657 (in

276 3694 332 3759 Eu.
357 3694 485 3776 Matth.)
514 3701 553 3759 tr.
578 3697 607 3774 8,
631 3696 650 3759 3
679 3697 811 3780 quinos
834 3698 920 3780 capit
942 3697 1006 3760 sibi
1034 3719 1098 3760 esse
1119 3707 1346 3772 consentaneos,

276 3812 417 3878 Cassiod.
443 3811 585 3898 (Epiph.)
614 3815 686 3879 hist.
715 3814 790 3897 trip.
815 3815 852 3893 V,
877 3819 916 3878 25
954 3814 1104 3879 Vrsocins
1129 3813 1256 3896 einsqne
1279 3835 1348 3876 con·

276 3936 426 3996 sentanei.

354 4085 660 4152 consentienter:
684 4087 806 4166 Bosth,
831 4087 971 4152 Cassiod.
995 4087 1028 4151 in
1051 4108 1099 4170 ps.
1120 4089 1170 4164 47,
1194 4088 1214 4148 4
1238 4105 1345 4147 conae·

274 4208 397 4271 nienter
419 4230 456 4271 ac
479 4207 700 4273 consentienter
724 4205 874 4271 disserant
897 4255 904 4270 .
929 4255 936 4270 .
