2940 4936
672 405 883 468 ..74-

243 591 408 674 39,1sqq.
430 602 466 656 ut
487 615 605 657 omnem
627 591 790 656 introitum
813 604 843 654 et
865 591 985 656 enitum
1006 590 1183 656 haereticae
1199 593 1314 678 praui-

243 710 320 773 tatic
343 708 494 774 claudant
517 721 546 774 et
573 709 865 790 circumaedificent,
890 709 981 792 Vulg.
1005 709 1118 776 Thren.
1147 711 1194 791 ›3,
1218 713 1268 774 7«.

319 863 601 945 ctccouanttce:
629 879 715 946 Hier.
732 900 782 963 ep.
805 882 875 959 124,
896 882 915 945 5
939 878 1042 944 arcera
1064 879 1210 965 opocen,
1235 903 1313 966 qaae

242 999 322 1065 lanc
343 1001 449 1086 ipsam
472 1014 589 1064 terram
606 1002 824 1066 circumambit
838 1002 994 1087 nertipine
1010 1010 1039 1063 et
1054 997 1171 1063 dicitur
1186 999 1311 1064 coelum.

321 1154 655 1236 ctccouauboucc:
686 1169 786 1234 Hiar.
806 1171 889 1235 irin.
911 1173 949 1251 x,
974 1172 1015 1235 45
1039 1192 1165 1254 quaero,
1189 1193 1230 1233 a.
1252 1171 1313 1233 a·

243 1291 444 1355 cumamluri
462 1313 495 1382 ce
507 1290 653 1377 flammis
676 1289 835 1356 doluerint
858 1292 937 1373 (tres
956 1288 1061 1371 pueri:
1085 1287 1166 1353 Dan.
1183 1289 1227 1371 3).
1271 1313 1273 1316 ·

191 1449 243 1491 ...-
321 1424 681 1509 cacuminantem:
700 1444 778 1527 Aug.
796 1464 822 1508 ο.
841 1441 932 1509 Petit.
948 1441 990 1523 11,
1006 1443 1057 1523 92,
1073 1441 1136 1505 208
1157 1438 1312 1507 fortitudo
1430 1493 1432 1498 .

243 1560 371 1646 (r·Ge·)
395 1561 435 1626 a.
887 1559 889 1562 ’

321 1699 548 1780 circumice:-
573 1714 677 1781 Rufin.
707 1715 791 1800 orig.
818 1715 852 1779 in
878 1736 927 1799 ps.
951 1717 992 1780 36
1023 1715 1109 1780 hom.
1133 1715 1163 1796 3,
1189 1715 1209 1779 3
1243 1737 1314 1778 am

244 1831 368 1898 uideris
391 1833 528 1920 aliquem
549 1834 643 1898 uitiis
670 1845 700 1898 et
722 1834 928 1920 passionibus
952 1835 1109 1920 opitatum
1131 1834 1314 1899 circumcire
1391 1881 1396 1890 .

244 1962 274 2015 et
292 1954 482 2038 perturbare
504 1953 620 2018 omnia.

321 2107 566 2189 ctccouctsoc:
595 2123 676 2190 Mar.
699 2125 831 2190 nerea.
855 2124 988 2191 sanor.
1012 2125 1042 2204 8,
1068 2126 1116 2189 16.

322 2277 591 2362 ctccuuclusto:
621 2294 746 2362 Aethioi
769 2317 800 2380 q.
822 2293 844 2360 f.
867 2315 1021 2378 cosmogr.
1045 2297 1083 2358 41
1111 2315 1171 2357 non
1194 2294 1313 2379 spatio·

243 2437 316 2479 rum
337 2437 526 2494 mensnram,
550 2414 608 2478 ced
628 2415 916 2480 ciracmcluoicnum
938 2416 1093 2479 rationem
1115 2414 1221 2478 secuti.

323 2577 686 2652 circumcordialis:
710 2585 805 2667 Tort.‚
822 2583 904 2650 vict.
921 2585 1043 2650 Tunun.
1058 2583 1179 2667 poenit.
1197 2585 1237 2649 10
1253 2586 1314 2668 (se-

238 2702 387 2785 cretum).

322 2855 614 2922 circumdatio:
637 2856 724 2923 Hier.
747 2858 780 2922 in
803 2857 915 2924 Enoch.
933 2857 980 2922 IX
1003 2857 1045 2923 ad
1068 2858 1119 2938 28,
1145 2858 1184 2922 13
1202 2855 1314 2923 ‘omnic

244 2976 328 3062 lapis
355 2976 516 3062 pretiocuc
546 2978 769 3062 operimentum
792 2976 892 3041 tuum'
924 2978 990 3040 ciue
1020 2975 1177 3062 collipatic
1206 2986 1263 3038 tua
1285 2988 1314 3038 et
1380 3040 1383 3046 ,

244 3093 462 3176 circumdatio,
486 3093 588 3180 Vulg.‚
612 3096 691 3180 Aug.
716 3095 788 3180 (loc.
812 3117 838 3160 r.
862 3094 946 3177 Gg.).

205 3285 243 3325 uo
321 3247 556 3331 ctconmflntce
582 3265 678 3349 intpr.
702 3265 798 3331 Iron:
823 3266 850 3329 A
872 3286 904 3348 p.
922 3266 974 3328 6⁴.

322 3416 696 3485 'circumflecterez
718 3417 822 3483 Amm.
846 3415 1001 3497 XXVIII,
1024 3419 1054 3498 4,
1076 3417 1119 3481 30
1146 3425 1268 3480 metam.

324 3573 632 3659 circumfleuio:
665 3572 769 3638 Rufin.
794 3571 881 3654 Orig.
901 3572 935 3637 in
965 3571 1055 3636 Rom.
1079 3571 1119 3650 ll,
1144 3569 1184 3632 14
1216 3565 1316 3651 (quod

244 3691 386 3776 sequitur
407 3693 511 3756 minus
535 3689 665 3775 quidem
687 3691 862 3773 composite
885 3691 1013 3756 uidetur
1035 3709 1105 3755 esse
1128 3687 1314 3754 adiunctum

244 3856 252 3874 .
276 3810 299 3893 .)
322 3824 426 3875 tamen
450 3812 510 3876 tali
533 3810 673 3896 quadam
696 3812 943 3897 circumflcuione
966 3809 1183 3895 cupariorilus
1205 3805 1244 3870 id
1260 3828 1317 3892 ap·

246 3941 314 3994 tare
337 3931 533 4012 tentabimus,
555 3930 654 3995 Maur.

323 4082 669 4168 circumfluentia:
701 4082 780 4165 Aug.
803 4082 858 4150 lib.
882 4082 950 4148 arb.
974 4082 1031 4161 III,
1055 4084 1095 4146 'l'l
1119 4079 1171 4156 al,
1191 4078 1252 4145 ino.
1276 4080 1317 4145 de

246 4198 332 4282 tripl.
356 4198 494 4267 habitae.
520 4202 541 4265 4
562 4203 596 4266 in
620 4201 871 4288 circumfluentia
893 4202 1107 4288 corporalium
1130 4202 1288 4265 bonorum.
