3000 4942
512 433 742 495 -eu-

91 644 230 688 rosaceo.
266 620 313 686 af.
337 620 377 687 de
399 618 507 686 uerbis
529 617 684 685 deriuatio
706 617 748 683 ab
773 635 824 682 ·or
844 614 943 681 finitis
965 612 1064 680 obstr.
1086 612 1121 680 Z.
1138 612 1158 679 f.

78 739 187 824 *vergi
211 737 318 824 Spohf.
340 739 379 805 N.
404 740 439 805 F.
464 739 508 805 VI
529 759 561 823 p.
585 741 658 804 293.

169 925 460 1010 dnodecttomts:
488 942 551 1009 uic.
579 943 670 1009 1209.
688 927 937 1006 eorumne·
959 919 1068 993 (nrm

179 1043 715 1122 Μιλωαὸῐῃὴῆθηὰῃθνωιιιιῑῤ
735 1030 984 1101 ewsunstntm
1002 1018 1198 1105 {vindocinum
1222 1015 1365 1075 mitam
1393 997 1407 1069 l

172 1113 421 1200 duplicitas:
445 1114 528 1179 Tert.
545 1112 617 1178 adu.
634 1111 732 1177 Maro.
749 1111 786 1191 V,
810 1114 842 1175 ll
871 1111 987 1174 scimus
1010 1107 1161 1196 quosdam

1409 987 1492 1080 lint

91 1259 201 1300 sensus
225 1236 464 1321 ambiguitatem
482 1238 558 1322 poti
573 1257 667 1320 posse
684 1233 721 1297 de
736 1255 810 1298 sono
820 1231 1089 1318 pronuntiationis
1105 1239 1162 1293 aut

93 1353 129 1417 de
157 1352 250 1419 modo
279 1354 507 1431 distinctionis,
543 1376 610 1418 cum
644 1353 814 1439 duplicitas
848 1373 956 1415 earum
989 1350 1160 1426 intercedit,

41 1469 44 1472 ’
92 1474 192 1553 Luci,
216 1471 302 1538 Hier.
320 1473 362 1556 (l)
385 1473 418 1536 in
436 1493 483 1556 ps.
501 1473 541 1538 35
564 1472 677 1550 cordis,
701 1492 793 1538 anon.
816 1471 850 1535 in
872 1469 929 1534 Iob
952 1469 1077 1553 1pr
1100 1490 1160 1531 non

93 1602 161 1654 erat
177 1592 209 1654 in
226 1591 282 1656 illo
299 1591 482 1679 displicitos,
511 1593 639 1674 »Aug«,
658 1590 790 1657 Primae.
804 1591 837 1655 in
853 1591 950 1673 Apoc.
962 1586 1012 1654 111
1027 1586 1069 1652 ad
1084 1606 1110 1652 o.
1129 1587 1159 1651 8.

170 1779 366 1844 duricors:
388 1778 479 1862 Fulg.
502 1778 602 1862 Rusp.
625 1776 719 1842 uerit.
741 1777 935 1861 praedestin.
960 1780 993 1840 et
1014 1778 1094 1858 gret.
1118 1778 1152 1838 ll

93 1896 166 1960 illos
188 1919 264 1982 quos
290 1895 436 1963 Christus
460 1896 646 1963 duricordes
667 1897 795 1961 uidebat
816 1897 863 1979 (et
883 1894 966 1978 DV),
983 1893 1158 1960 Verecund.

94 2015 130 2080 ln
153 2021 236 2081 cunt.
253 2016 459 2083 Deuteron.l
489 2019 642 2103 populum
665 2016 870 2096 duricordem,
894 2009 993 2079 ib.'32
1018 2012 1161 2077 duricor-

92 2133 155 2215 des,
179 2133 346 2201 Dominum
368 2136 547 2215 nescientes,
571 2134 647 2200 Isid.
669 2134 724 2200 fid.
740 2134 824 2199 cath.
840 2134 864 2213 I,
891 2137 920 2212 l,
947 2138 961 2195 l
987 2130 1108 2196 Iudaei
1126 2179 1159 2196 ..

92 2253 293 2335 duricordes,
319 2255 486 2342 prophetie
509 2256 667 2319 ueteribus
694 2251 865 2332 increduli,
895 2253 988 2316 nareis
1010 2251 1158 2329 obstrusi,

91 2372 249 2438 Adaman.
272 2373 350 2440 loco.
378 2378 478 2440 sanct.
501 2375 558 2454 Ill,
583 2378 601 2440 b
632 2372 761 2461 quidam
790 2371 926 2437 stolidus
956 2381 985 2435 et
1015 2371 1161 2434 duricors

92 2490 180 2555 bomo
205 2490 402 2575 (duricordia
423 2492 533 2576 Tem).

31 2771 32 2774 Ἴ
176 2676 353 2744 duritas:
378 2679 453 2760 cic,
477 2680 561 2746 Goel.
584 2682 660 2745 Aur.
684 2679 767 2745 teri.
790 2678 846 2760 Ill,
870 2681 899 2759 8,
924 2680 965 2744 98
992 2677 1162 2765 hydropem

93 2815 132 2860 ea·
154 2793 290 2860 dur-itate
312 2799 424 2863 iecoris
447 2798 488 2864 al.
1084 2831 1085 2834 ¹

170 2981 398 3067 troarno:
426 3004 504 3086 Aug.
520 3003 659 3071 immori.
675 3003 769 3068 anim.
789 3006 827 3068 14
849 3003 908 3069 reta
931 3003 1090 3088 effecum
1108 3003 1161 3066 uss

90 3142 207 3184 uacare
231 3144 291 3186 non
308 3134 423 3207 potest,
447 3125 524 3209 quin
546 3123 584 3188 id
605 3131 687 3210 quod
708 3124 748 3188 ab
772 3147 808 3186 eo
823 3123 947 3203 factum
962 3134 1008 3188 eet
1024 3134 1161 3200 tueatur,

90 3237 135 3303 ib.
162 3239 210 3318 15,
235 3237 275 3304 de
299 3239 379 3306 Gen.
402 3240 513 3307 adlit.
537 3262 588 3326 op.
611 3242 701 3326 impf.
724 3245 755 3324 4,
780 3242 828 3309 16.

169 3426 408 3494 ebriositas:
443 3428 517 3504 eie.
545 3429 625 3513 Aug.
648 3430 680 3493 in
706 3451 756 3513 ps.
779 3431 831 3510 75,
855 3431 873 3494 3
902 3431 941 3511 (r.
965 3429 1037 3511 (ig.)
1065 3430 1160 3515 punit

91 3543 147 3607 ille
170 3544 336 3625 ebriosum,
361 3559 394 3609 tu
419 3547 536 3611 laudas
560 3547 780 3627 ebriositatem,
804 3549 987 3626 serm.252,
1006 3550 1056 3621 12,
1077 3547 1159 3632 plur.

89 3661 133 3726 ib.
157 3665 187 3744 4,
210 3671 311 3730 sanet.
334 3665 413 3749 uirg.
437 3667 478 3732 53
502 3665 554 3746 al,
584 3687 636 3732 an.
658 3667 770 3759 inlob
792 3666 808 3730 I
834 3688 866 3750 p.
890 3668 941 3745 36,
964 3665 1084 3731 Muscio
1107 3687 1161 3751 gy·

90 3801 179 3848 neec.
202 3785 228 3867 Ι,
253 3786 303 3849 90.

169 3968 376 4037 *ebullire
399 3973 491 4038 intr.
516 3973 643 4038 trusi:
667 3975 760 4058 App,
784 3973 871 4039 Hier.
892 3974 967 4040 edu.
984 3974 1083 4040 Iouin.
1099 3976 1159 4054 I,3

93 4109 216 4151 carnem
245 4090 372 4155 ebullire
400 4094 433 4156 in
464 4093 639 4172 libidinem,
669 4092 773 4158 Rufin.
796 4093 826 4158 h.
851 4093 926 4199 epol.
948 4095 991 4174 X,
1016 4096 1056 4160 33
1087 4096 1160 4158 tetri

92 4219 247 4291 serpentes
270 4207 318 4272 de
331 4213 476 4277 cauernis
499 4223 600 4276 terrae
623 4212 815 4293 ebullientes,
838 4214 918 4297 Aug.

906 4331 954 4388 lb*
