2940 4936
404 376 735 486 ¹-43-

99 609 205 674 Pauli
235 608 433 674 attestatibne
461 621 489 670 et
519 610 717 673 consensione
743 605 792 685 ab,
822 604 932 671 Iulian.
957 625 1009 688 up.
1034 607 1111 688 Aug.
1136 624 1163 670 c.

99 750 162 794 sec.
185 749 267 810 resp.
291 728 351 793 lul.
375 727 428 802 lv,
452 729 491 790 43
515 726 567 805 al„
590 725 698 804 Maon,
722 724 756 789 C.
780 724 896 788 Theod.

178 903 389 979 attestator:
418 913 494 995 Aug.
526 932 622 976 serm.
650 914 765 990 assa
801 911 967 986 cestram,
999 910 1042 975 id.
1072 911 1165 992 Bapt.

100 1037 173 1114 Vll,
196 1038 246 1112 41,
272 1035 309 1097 81
336 1044 365 1095 et
386 1033 446 1094 iste
468 1044 634 1095 attestator
656 1043 704 1094 est
723 1029 962 1095 consuetudinis,

183 1202 421 1266 attitulare:
445 1200 547 1265 Rufin.
566 1201 650 1283 Orig.
674 1201 706 1264 in
721 1199 821 1264 Leuit·
838 1199 922 1264 hom.
939 1201 1020 1278 16,6
1043 1199 1165 1263 Esaias

102 1371 108 1386 .
135 1369 142 1384 .
166 1322 223 1384 sub
246 1321 368 1384 uisione
390 1342 485 1404 quom
509 1321 687 1383 attitulauit
710 1317 950 1405 quadrupedum
978 1321 1008 1382 in
1033 1316 1165 1411 deserto,

100 1440 146 1503 id.
171 1438 255 1521 Orig.
278 1439 310 1502 in
334 1437 426 1502 Cant.
449 1437 497 1501 Ill
518 1458 550 1519 p.
578 1441 613 1500 17
644 1439 703 1500 isti
718 1438 848 1524 psalmi,
873 1439 927 1521 qui
946 1461 1007 1523 pro
1031 1436 1134 1501 torcul
1157 1475 1165 1484 -

101 1560 191 1622 ribus
214 1558 418 1621 attitulantur
440 1555 493 1634 al„
525 1555 667 1619 Gennad.
692 1554 749 1619 uir.
772 1554 828 1634 ill.,
856 1553 998 1620 Cassiod.
1024 1553 1166 1639 (Epiph.)

102 1675 178 1739 hist.
203 1675 287 1756 trip,
310 1674 399 1739 trnsl.
422 1673 521 1739 Beda.

183 1843 397 1926 sttttutattc:
427 1859 530 1925 Rufin.
553 1860 635 1941 pra.
659 1861 701 1925 aa
724 1862 810 1944 orig.
834 1861 866 1923 in
890 1859 980 1924 cant.
997 1883 1028 1944 p.
1046 1863 1109 1926 rso
1132 1860 1169 1924 a

106 1979 316 2044 attitulatione
339 1979 440 2044 libelli
458 1981 569 2064 ipsius,
594 2003 648 2043 cur
667 1978 831 2043 Canticum
849 1979 1045 2044 Canticorum
1060 2003 1170 2064 super·

105 2100 243 2182 scriptus
266 2100 319 2177 sit,
347 2098 390 2162 ib.
414 2119 445 2181 p.
470 2099 531 2162 323
561 2097 827 2163 attitulationibus
854 2098 1007 2163 librorum
1030 2123 1168 2179 suorum,

104 2238 136 2300 p.
161 2218 221 2281 324
246 2216 283 2314 dc
306 2217 520 2280 attitulatione
541 2240 578 2280 ac
599 2219 868 2301 superscriptione
891 2218 976 2296 libri,
1001 2238 1030 2299 p.
1056 2218 1126 2282 326.

61 2417 105 2456 ³1⁶
182 2387 360 2466 attonsis:
388 2401 517 2482 [Rufina
542 2403 660 2468 Gomm.
684 2402 716 2465 in
739 2403 836 2468 Amos
852 2403 892 2479 11,
916 2404 957 2468 ad
978 2406 1005 2480 7,
1029 2406 1047 2466 4
1071 2405 1168 2467 multo

104 2521 255 2584 maiorem
278 2543 343 2584 esse
359 2521 578 2600 calamitatem,
602 2545 695 2608 quam
716 2523 859 2585 immissa
874 2533 1020 2607 operetur
1036 2525 1167 2600 inustio,

105 2642 189 2704 omni
212 2641 283 2720 illa,
307 2664 398 2726 quom
421 2643 594 2724 permirum
618 2641 773 2724 afferebat
794 2641 939 2704 attonsiO.

183 2808 439 2890 insectibilis:
478 2825 525 2890 oe
555 2825 742 2890 mirae-s.
766 2824 875 2908 steph.
907 2829 946 2906 (ο.
973 2847 1033 2890 seo,
1058 2825 1085 2889 v
1112 2826 1169 2905 in.)

106 2947 149 3024 11,
166 2946 230 3022 2,6
252 2943 390 3029 quodam
413 2945 476 3008 sibi
497 2945 620 3008 uisibili
643 2956 672 3007 et
695 2945 888 3008 attrectabili
905 2969 999 3009 manu
1022 2968 1055 3010 os
1079 2967 1170 3007 snum

106 3063 225 3147 corripi
248 3073 276 3125 et
299 3063 497 3148 compalpari
514 3063 682 3147 persensit.

185 3236 414 3312 animabili:
442 3247 528 3313 Hier.
544 3269 625 3313 nom.
642 3249 730 3314 hebr.
751 3270 782 3332 p.
799 3252 836 3312 21
862 3251 965 3314 Muci·
990 3261 1172 3314 attrectator

106 3370 173 3432 siue
190 3367 344 3452 palpator
366 3389 461 3430 meus.

186 3534 426 3601 attributio:
451 3535 513 3600 Cic.
539 3557 588 3618 ep.
613 3537 687 3619 aliq.
711 3540 744 3600 et
765 3537 839 3613 inu,
863 3537 894 3601 S.
911 3536 945 3601 C.
962 3557 1013 3618 ap.
1030 3533 1171 3600 Frontin.
1254 3497 1256 3500 Ι

108 3673 159 3736 aq.
185 3655 244 3718 108
273 3657 321 3717 uti
348 3677 444 3740 usque
471 3677 504 3718 eo
534 3666 671 3718 maneret
697 3656 862 3719 attributio
886 3677 1055 3741 aquarum,
1091 3656 1173 3736 App.

106 3770 226 3850 mund,
248 3771 342 3835 inser.

186 3946 388 4022 auctorate:
417 3977 558 4041 compar.
585 3956 644 4021 lul.
672 3978 724 4040 up.
753 3964 830 4042 Aug.
859 3982 882 4024 c.
913 3980 973 4023 sec.
1001 3979 1085 4040 resp.
1115 3921 1183 4023 lul.

107 4081 150 4156 II,
176 4081 214 4143 19
238 4078 323 4166 quod
344 4129 351 4142 .
375 4127 382 4142 .
406 4102 466 4143 non
488 4103 544 4144 suo
566 4101 704 4142 sermone
729 4127 735 4142 .
760 4126 783 4158 .,
814 4079 870 4141 sed
891 4077 1063 4160 Euanpelri
1089 4079 1175 4140 testi-

108 4198 212 4260 monio
241 4200 332 4282 quasi
360 4200 554 4261 auctoratius
583 4196 768 4282 denepauit;
801 4195 916 4278 superl.
939 4195 982 4260 id.
1005 4195 1048 4259 ib.
1072 4193 1110 4274 V,
1134 4196 1176 4259 30
1220 4287 1225 4296 ᾖ
