2970 4942
568 469 781 536 -99-·

140 655 186 719 ad
199 655 449 742 compendiosum
464 655 624 742 quoddam
635 657 902 723 commonitorium
915 645 975 725 ilia
993 639 1052 723 tibi
1063 657 1208 745 elipando

134 777 291 841 sententia
314 785 368 857 est,
393 780 482 860 Aug,
500 777 577 844 God.
593 777 659 859 Th,
685 778 750 858 all,
774 776 1207 859 edi.et0.1ust.,'(iennad.

169 1039 171 1044 .
217 966 461 1050 con-morari:
494 982 610 1066 Euagr.
642 988 721 1048 sent.
750 983 795 1050 *aa
824 983 962 1067 uirgines
991 1004 1023 1066 p.
1056 984 1137 1048 1187
1167 979 1209 1048 Μ.
1280 1019 1282 1024 -

140 1123 200 1165 non
221 1103 419 1188 commoreris
442 1101 640 1167 secularibus
664 1104 719 1187 (sc.
741 1100 946 1184 hominibus).
982 1100 1028 1165 Of.
1046 1103 1117 1165 716.
1154 1143 1155 1146 =

217 1286 526 1371 commortificant:
554 1305 696 1372 Nestorii
707 1307 800 1389 epist.
812 1306 845 1371 in
858 1307 1029 1400 coelestini
1044 1329 1119 1393 pap.
1137 1329 1209 1392 epp.

142 1424 170 1506 6,
194 1447 220 1492 c.
244 1430 263 1490 2
299 1427 447 1492 deitatem
469 1428 727 1508 commortificant
757 1428 852 1493 carni
882 1428 1089 1512 (mortificare
1112 1430 1143 1494 S.
1167 1430 1209 1510 S.,

107 1553 109 1564 ”
140 1547 233 1626 Tert,
256 1546 365 1626 Lucii,
387 1547 507 1629 Ambr,
530 1547 615 1614 Hier.
632 1547 664 1612 in
684 1547 725 1612 Is.
742 1545 858 1614 xv'ad
875 1551 925 1628 56,
942 1549 971 1628 3,
988 1548 1093 1614 Rufin.
1108 1549 1208 1632 princ.

143 1668 220 1748 1,28‚
235 1669 264 1731 ’4
286 1667 338 1747 sl,
360 1667 455 1750 intpr.
479 1666 565 1749 Orig.
588 1668 622 1732 in
643 1665 758 1732 Matth.
782 1669 832 1748 94,
856 1666 934 1750 elii).

102 1881 141 1920 ⁷⁶⁰
219 1871 578 1936 communicabilis:
609 1871 731 1948 Ambe,
754 1871 876 1951 Boeth,
904 1857 972 1940 act.
995 1873 1098 1939 Rufin.
1123 1875 1209 1959 Orig.

140 1991 174 2055 in
201 1989 292 2057 bant.
315 1992 345 2056 11
375 2012 406 2073 p.
435 1994 494 2057 401
520 1991 555 2058 L.
579 1990 629 2072 si,
661 1991 746 2080 quod
774 1993 902 2073 tribuit,
932 1994 1136 2080 et'proebnit
1163 1996 1211 2058 ita

140 2112 394 2176 communicabili
413 2112 529 2197 affectu
551 2126 580 2177 et
600 2114 694 2200 quasi
716 2114 768 2176 cui
789 2115 976 2198 aequitatem
999 2113 1110 2177 baberi
1130 2114 1212 2177 inter

141 2231 279 2297 bomines
295 2235 434 2318 placeat.
551 2303 552 2306 Ἴ

218 2373 522 2470 communicare:
557 2403 653 2468 intr.
683 2424 708 2467 c.
744 2401 818 2467 dat.
854 2402 942 2467 Hier.
974 2401 1101 2485 Didym.
1133 2402 1211 2485 spir.

141 2533 232 2593 sanct
257 2530 294 2591 17
323 2527 463 2613 Spiritui
492 2523 623 2607 Sancto,
657 2548 682 2592 c.
707 2527 860 2592 Ioanni
893 2525 1126 2603 meraritarum,
1158 2524 1213 2610 qni
1284 2561 1287 2567 -

31 2669 34 2677 ’
143 2647 201 2710 tibi
224 2649 257 2710 in
280 2646 470 2711 Palaestina
492 2668 552 2711 non
575 2648 802 2710 communicant
823 2644 876 2726 ab,
893 2644 996 2729 Vulg,
1018 2644 1107 2728 Aug,
1123 2642 1213 2725 Sulp.

141 2765 223 2845 Seu,
243 2765 387 2833 Liberat.
407 2767 445 2831 18
469 2764 600 2852 quidam
623 2778 651 2829 et
674 2763 914 2830 aduersantium
936 2777 965 2828 ct
987 2765 1213 2830 communican-

143 2886 219 2949 tium
242 2887 278 2950 ei.

221 3059 591 3122 communicatibus:
625 3055 753 3135 Boeth,
788 3055 885 3122 schol.
915 3054 1032 3120 Lucan.
1064 3055 1121 3135 IX,
1152 3055 1214 3119 720

143 3176 275 3259 (natrix)
300 3187 346 3239 est
369 3225 376 3240 .
401 3225 408 3240 .
432 3199 471 3240 erc
494 3176 545 3240 bis
567 3175 754 3254 nominibus,
779 3197 858 3260 quae
881 3174 1145 3240 communicatiuo
1169 3172 1213 3257 (h.

143 3315 169 3388 o.
195 3295 359 3381 epicoena)
382 3317 542 3376 nocemus,
565 3308 600 3359 ut
623 3308 668 3358 est
687 3315 813 3380 passer,
837 3293 928 3379 aquil
950 3339 957 3356 .
1104 3279 1110 3298 ”

223 3483 544 3549 communicator:
568 3481 600 3546 S.
617 3481 659 3561 S.,
681 3482 777 3561 Terb,
802 3483 887 3562 ΑΓΗ,
908 3479 1052 3546 Cassiod.
1070 3479 1214 3564 (Epiph.)
1270 3573 1272 3576 Ι

143 3600 214 3666 hist.
236 3575 313 3684 trip.
335 3601 359 3680 1,
387 3603 427 3665 14
456 3621 516 3680 ex,
548 3603 587 3681 ΙΙ,
613 3602 651 3664 12
675 3599 726 3680 al,
755 3599 896 3665 Facund.
926 3601 1017 3683 epist.
1046 3599 1102 3664 fid.
1129 3597 1214 3663 cath.
1305 3621 1307 3626 ·

143 3739 174 3802 p.
192 3720 253 3784 868
269 3719 312 3786 M.
338 3720 413 3784 istis
436 3720 675 3785 damnatoribus
703 3721 867 3805 eorumque
890 3719 1215 3795 communicatoribus,

144 3835 284 3901 Liberat.
301 3838 439 3903 breuiar.
460 3840 498 3904 18
521 3840 598 3926 qaia
620 3862 680 3903 non
703 3840 856 3924 sufficeret
870 3840 966 3906 Petro
982 3839 1123 3926 confiteri
1137 3861 1217 3903 com-

145 3958 371 4021 municatorem
400 3981 432 4022 se
462 3981 527 4036 esse
556 3961 702 4024 ecclesiae
724 3958 903 4039 catbolicae,
933 3959 976 4025 ib.
998 3959 1054 4025 inf.
1079 3980 1109 4043 p.
1135 3960 1216 4025 1029

144 4074 187 4141 Μ.
204 4076 246 4140 al.

186 4237 191 4244 „
230 4249 610 4314 communicatorias:
632 4248 734 4313 Hilar.
758 4248 853 4333 (DV),
870 4251 955 4332 Aug.
980 4235 1029 4333 cp.
1053 4251 1104 4314 43.
1143 4287 1145 4291 ·

979 4368 1012 4423 7.
