2940 4936
722 374 931 437 ...24-

296 559 341 624 sic
356 559 446 626 Oros.
462 558 488 639 Ι,
509 560 547 623 21
572 571 608 623 ut
629 556 716 624 uelut
739 559 822 624 uicti
841 581 873 624 se
896 559 936 625 al>
959 559 1113 624 alterutro
1135 556 1364 636 subtraherent,

297 681 355 760 111,
381 683 408 760 l,
432 680 511 762 Aug.
530 684 635 761 nupti·
658 683 690 746 et
713 697 844 762 concup.
862 679 887 758 Ι,
906 681 946 744 10
968 679 1124 762 continues,
1148 679 1204 763 qui
1227 677 1269 742 ab
1291 678 1366 742 alte·

295 811 384 864 rutro
406 799 556 884 separati
578 809 666 876 sunt,
696 796 740 862 ib.
763 794 834 876 inf„
862 795 946 861 Trin.
973 798 1042 876 VII,
1065 798 1095 876 4,
1119 799 1137 860 ‘l
1170 799 1269 861 amici
1298 820 1366 861 eum

296 917 430 981 relatiua
454 915 499 980 ad
520 899 710 980 alterutrum
734 911 899 995 dicantur,
926 928 1061 1000 possunt
1084 914 1147 979 dici
1174 927 1238 978 tres
1261 916 1367 993 amici,

297 1036 382 1123 qnod
401 1037 532 1100 inuicem
555 1036 620 1100 sibi
639 1047 720 1114 suut,
746 1033 830 1117 VIII,
846 1037 875 1112 6,
891 1037 920 1116 9,
939 1055 966 1100 0.
983 1034 1091 1101 Fausl.
1107 1035 1193 1112 XIII,
1212 1035 1252 1098 18
1268 1033 1368 1100 ln'bros

294 1154 495 1241 propheticos
529 1167 559 1218 et
592 1153 781 1241 apostolicos
815 1201 823 1216 .
852 1202 859 1218 .
894 1153 1057 1218 alterutris
1085 1153 1213 1220 uocibus
1242 1153 1369 1217 sibimet

299 1275 499 1352 concinentes,
516 1272 579 1352 all,
605 1272 791 1357 saepissime
806 1277 911 1338 autem
928 1271 1072 1337 Cassiod.
1089 1269 1278 1355 (Epiphau.)
1294 1270 1368 1336 hist.

299 1392 374 1458 eccl.
397 1392 484 1475 trip,
508 1396 543 1456 ut
565 1394 590 1470 1,
616 1392 654 1456 13
686 1390 795 1455 debere
818 1414 874 1456 nos
899 1440 906 1456 .
931 1439 938 1456 .
962 1391 1145 1468 alterutris,
1173 1414 1253 1477 qnae
1280 1390 1373 1476 apud

300 1511 437 1597 sinqulos
461 1522 607 1596 aquutur,
630 1510 804 1589 insinuare,
827 1509 869 1575 ΙΙ).
889 1513 938 1590 ll,
960 1509 1003 1577 ΙΙ).
1022 1513 1061 1576 19
1083 1512 1172 1576 nolis
1188 1515 1272 1577 inter
1294 1516 1373 1579 alte-

299 1648 407 1699 rutros
427 1657 487 1720 pro
508 1634 659 1720 paruulis
682 1683 689 1699 .
715 1682 722 1698 .
746 1631 1000 1699 contendentibus
1024 1636 1139 1713 causis,
1163 1639 1195 1699 et
1217 1633 1259 1699 ΙΙ).
1283 1635 1373 1720 aliq,

301 1755 341 1834 ΙΙ,
366 1756 386 1817 4
409 1755 487 1840 quia
504 1754 677 1839 pessimum
701 1801 709 1816 .
731 1801 739 1817 .
764 1751 943 1831 uideretur,
973 1765 1008 1817 ut
1036 1751 1203 1818 destruetis
1231 1751 1375 1818 hostibus

302 1923 341 1938 ..
366 1872 542 1939 sacerdotes
564 1872 736 1936 alterutrae
766 1872 985 1936 incuterentur
1013 1883 1105 1957 atque
1132 1870 1374 1954 confunderent,

301 1993 344 2060 ib.
359 1991 425 2073 inf,
450 1994 468 2055 1
487 1991 547 2072 bis,
570 1990 628 2068 ΙΙΙ,
650 1993 689 2056 10
709 2004 782 2077 post
804 1991 879 2056 laec
901 1992 941 2056 ab
965 1991 1130 2056 alterutris
1150 1989 1374 2073 discesserunt,

301 2114 352 2178 illi
375 2110 510 2199 quidem,
535 2123 569 2175 ut
593 2159 635 2190 ..,
659 2109 845 2175 Aleaander
867 2123 969 2174 autem
986 2159 993 2176 .
1011 2160 1029 2191 .,
1052 2109 1094 2175 ib.
1111 2111 1178 2190 inf,
1197 2112 1234 2190 V,
1253 2113 1304 2192 10,
1324 2116 1377 2193 16,

304 2232 358 2313 VI,
384 2234 434 2311 11,
463 2231 517 2310 ΙΙΙ,
544 2231 584 2295 34
616 2229 767 2314 (lapidas)
803 2232 942 2316 inuentos
976 2243 1005 2294 et
1039 2231 1205 2295 alterutris
1240 2230 1376 2316 illiyati,

305 2353 342 2434 V,
366 2354 408 2417 34
430 2350 560 2434 pluries,
586 2349 639 2430 VI,
662 2351 704 2414 29
727 2354 760 2415 et
781 2350 832 2431 30,
856 2347 927 2429 VII,
945 2352 973 2426 9,
999 2350 1048 2428 16,
1072 2350 1122 2428 23,
1145 2349 1199 2426 ΙΙΙ,
1219 2351 1256 2412 12
1274 2354 1308 2415 et
1325 2355 1377 2434 19,

304 2473 342 2550 X,
359 2473 388 2549 l,
411 2470 466 2550 XI,
485 2474 520 2533 ll
539 2469 599 2549 bis,
622 2469 691 2555 XII,
711 2472 740 2551 6,
764 2469 925 2548 ndi.1,11
951 2492 1021 2535 cum
1042 2471 1183 2534 munima
1207 2468 1380 2556 diliyentia

226 2561 229 2567 Ι
305 2588 467 2672 (monachi
490 2588 649 2672 Aegyptii)
674 2612 737 2674 per
759 2591 981 2654 successionem
1005 2587 1191 2656 traditionis
1219 2590 1380 2654 alteru-

306 2721 391 2774 trae
413 2720 525 2773 eurant
547 2711 680 2773 uirtutes
703 2711 906 2797 antiquorum
932 2711 1098 2775 memoriae
1121 2708 1247 2774 tradere
1267 2733 1380 2776 mona·

308 2829 441 2904 olorum,
465 2830 489 2906 I,
515 2830 554 2892 19
585 2828 788 2892 reuertiminn’
812 2827 857 2892 ad
883 2828 1056 2894 alterutras
1084 2829 1259 2907 amicitiae,
1290 2829 1333 2908 ΙΙ,
1357 2832 1379 2894 2

308 2971 366 3033 aaa
394 2970 476 3011 nune
505 2947 666 3012 imitantes
698 2946 837 3013 diuinam
868 2947 1061 3013 clementiam
1088 2949 1121 3012 in
1149 2948 1381 3014 alterutrorum

307 3071 434 3135 ueniam
458 3067 666 3133 condonantes
690 3069 901 3132 accusationes
925 3069 1103 3134 aboleamus
1121 3069 1294 3135 alterutras
1312 3070 1379 3154 (al,

307 3213 336 3276 q.
353 3195 497 3272 uterque,
521 3191 545 3267 I,
564 3190 602 3252 13
626 3188 794 3252 multorum
820 3187 942 3252 dierum
964 3191 1026 3253 iter
1049 3204 1095 3254 est
1117 3190 1252 3256 locorum
1273 3191 1380 3256 medio

303 3313 490 3396 positorum,
514 3330 572 3393 quo
597 3306 726 3391 deuolat
750 3307 969 3390 alteruter).
1008 3308 1051 3372 At
1071 3307 1104 3372 in
1120 3308 1234 3374 esteris
1249 3309 1381 3392 scriptis

310 3429 520 3495 Cassiodorus
542 3448 709 3511 nusquam,
733 3427 793 3492 nisi
817 3429 941 3513 egregia
956 3427 1104 3508 fallimur,
1126 3428 1215 3495 istud
1237 3427 1379 3509 admisit,

310 3550 367 3615 sed
389 3548 603 3630 uulgati0rem
626 3554 751 3614 secutus
773 3553 821 3614 ast
843 3547 995 3632 loquendi
1017 3570 1118 3623 usum,
1132 3554 1177 3614 ut
1199 3569 1225 3614 e.
1251 3569 1278 3613 o.
1301 3547 1380 3614 Var.

309 3671 382 3748 XII,
406 3672 426 3733 4
449 3667 538 3752 ‘quia
560 3674 691 3734 cunctae
715 3668 887 3751 dignitates
910 3669 1081 3735 inuisam
1103 3668 1165 3735 sibi
1187 3669 1304 3736 dobant
1326 3689 1382 3735 ns-

311 3790 452 3856 cessaria
475 3789 677 3855 ministrara'.

260 3962 313 4002 mo·
391 3927 586 4009 alietcet'e:
617 3944 757 4010 Cassiod.
782 3944 902 4028 Expos.
924 3944 956 4009 in
985 3942 1119 4009 Psalter.
1143 3944 1185 4009 ad
1212 3963 1260 4026 ps.
1285 3945 1337 4024 91,
1362 3948 1382 4010 5

306 4063 411 4129 ‘nimis
437 4063 616 4145 profundae
638 4065 742 4130 factas
762 4070 838 4130 suut
853 4063 1060 4147 cogitationes
1075 4063 1169 4129 Tuaa’
1196 4112 1227 4128 ..
1252 4063 1384 4131 dicendo

309 4181 413 4249 ‘trinnis
431 4183 627 4273 profundae'
652 4184 812 4270 siquificot
834 4195 922 4247 tanto
942 4184 1017 4269 plus
1034 4184 1112 4248 lane
1131 4184 1385 4249 aestimationem
