2970 4936
528 447 761 518 -395-

57 651 113 690 ²²⁷⁰
190 638 377 705 *infusioz
414 641 564 704 »mutini«
591 637 678 722 (ὓς.)
709 636 794 702 Geel.
818 637 909 717 Auri,
938 635 1024 700 Oeen.
1049 633 1114 699 Fel.
1138 635 1179 698 43

112 781 143 842 p.
170 760 229 824 108
264 758 309 822 ad
336 757 452 844 sptenis
481 758 667 823 debilitatem
697 781 731 818 ea
760 755 918 841 infusione
951 754 1105 832 humoris,
1140 760 1180 817 al.

37 901 39 908 ’
112 881 242 962 (aanor.)
265 878 307 942 id.
334 879 370 942 61
401 855 431 958 p..
459 877 518 941 153
548 885 652 961 ipsam
681 875 872 961 infusionem
899 873 988 937 dabis
1013 883 1048 936 ut
1072 872 1105 934 in
1128 894 1180 935 ore

111 1006 294 1077 contineant,
318 999 358 1062 29
382 1018 413 1079 p.
436 998 478 1060 49
495 996 535 1061 al.

188 1184 445 1266 ingeminare:
469 1202 501 1265 p,
521 1182 607 1248 Hier.
624 1203 649 1247 a.
666 1182 774 1248 Ioann.
791 1182 832 1245 29
852 1191 881 1243 et
904 1191 939 1244 tu
962 1200 1083 1262 semper
1102 1175 1180 1243 ‘aor-

111 1302 185 1388 pus’
211 1304 388 1382 ingeminas,
412 1300 485 1367 adn.
509 1301 608 1367 Iouin.
632 1300 675 1381 II,
697 1301 737 1364 37
761 1299 813 1378 al„
837 1299 914 1379 Aug.
1040 1357 1046 1368 x

187 1503 413 1586 ingeniare:
437 1507 519 1569 auat.
544 1503 584 1568 de
600 1453 638 1568 ⁸S.
661 1501 730 1567 Hel.
757 1504 795 1567 15
824 1500 960 1588 quodam
982 1503 1111 1588 speciali
1134 1501 1179 1563 in-

108 1632 204 1702 genio,
228 1645 287 1707 quo
309 1633 428 1685 natura
449 1633 567 1684 matres
587 1644 647 1706 pro
674 1622 905 1686 conseruatione
929 1623 997 1706 spei
1019 1635 1048 1684 et
1070 1628 1179 1685 eduea-

112 1750 191 1806 ttone
212 1742 357 1825 filiarum
379 1741 570 1817 inueniauit,'
584 1776 624 1788 —
648 1738 826 1821 ingeniatus
850 1738 964 1820 Plane,
987 1738 1078 1816 Gen„
1102 1736 1154 1803 all.

187 1941 457 2046 inuenturum:
487 1959 642 2024 suumn.
665 1980 697 2022 u.
720 1958 788 2025 σοι.
803 1959 846 2038 11,
866 1960 907 2024 20
926 1969 1001 2044 poe
1025 1959 1178 2036 intenae-

104 2083 258 2146 ·latianem
280 2104 413 2158 surgens.

187 2269 423 2372 ingenitus:
450 2266 536 2356 Arm,
561 2265 681 2338 Ambr„
704 2263 806 2330 Rufin.
824 2263 910 2346 Orig.
933 2263 1031 2346 princ.
1056 2264 1080 2343 Ι,
1105 2267 1134 2344 2,
1157 2267 1176 2329 6

108 2386 189 2449 nihii
209 2393 373 2462 ingenitum
395 2385 433 2449 id
455 2396 500 2448 est
522 2386 667 2447 innatum
684 2393 814 2468 praeter
835 2390 931 2448 solum
954 2385 1075 2463 Deum,
1104 2383 1132 2462 ⁴2,
1157 2383 1176 2446 3

110 2509 142 2569 et
164 2522 263 2585 saep„
287 2503 436 2567 ConsenI.
462 2522 513 2583 ap.
538 2502 617 2584 Aug.
642 2521 702 2584 ep,
725 2500 761 2566 P.
776 2499 860 2581 Nol„
884 2502 1037 2569 Ferrand.
1061 2525 1109 2586 ep.
1135 2504 1177 2568 ad

109 2620 216 2685 Seuer.
239 2641 265 2686 e.
290 2623 319 2684 2.

187 2806 438 2906 Inueimiiiaiei
465 2827 548 2888 auct.
579 2823 618 2888 de
641 2823 672 2888 S.
697 2823 766 2891 Hel.
787 2825 830 2915 Ι32
865 2847 900 2886 en
927 2827 1076 2890 instinctu
1103 2850 1177 2913 qua·

110 2939 193 3019 dam,
218 2963 307 3025 quem
329 2941 392 3004 ribi
413 2941 445 3025 (i.
463 2942 505 3022 ei)
528 2955 645 3006 natura
668 2965 702 3006 en
724 2943 825 3008 nobili
843 2952 994 3030 sanquine
1005 2958 1176 3030 procreata

109 3059 343 3144 inperminauit.

187 3246 398 3323 inglutire:
434 3246 514 3330 (ital.
547 3248 739 3334 inqiiottire)
773 3248 861 3315 Osse.
891 3250 956 3316 Fel.
980 3253 1022 3315 44
1051 3271 1083 3333 p.
1115 3252 1174 3316 109

100 3377 227 3430 'eastum
248 3367 480 3430 masticandum
502 3366 605 3445 dabis,
636 3380 670 3431 ut
692 3377 795 3454 ipsum
817 3371 974 3434 humorem
997 3371 1173 3450 inglutiant

108 3484 194 3565 Isia,
217 3483 311 3568 gloss.
336 3485 505 3568 (deglutire
529 3489 611 3570 App.
634 3488 665 3552 h.
689 3490 740 3568 29,
767 3491 807 3572 l).

185 3671 413 3755 *ingluuiem
439 3680 567 3737 transt.
593 3673 625 3738 in
641 3674 738 3740 absin.
755 3675 839 3742 Tert.
856 3677 950 3742 ieiun.
970 3683 983 3742 l
1003 3677 1054 3756 el„
1071 3678 1171 3758 uum,

108 3791 218 3856 Claud.
241 3791 274 3856 in
298 3791 386 3857 uun.
411 3792 451 3872 11,
475 3793 547 3872 333,
577 3793 662 3859 HIer.
687 3815 783 3878 saep„
816 3797 905 3861 utin
928 3799 968 3862 Is.
992 3798 1100 3863 XVIII
1122 3820 1171 3881 pr.

106 3917 194 3992 putee
218 3933 254 3974 aa
275 3919 392 3975 uentris
414 3919 582 3990 iugluuiem.

185 4094 452 4195 tentaturam:
480 4135 574 4181 anon.
597 4117 629 4181 in
653 4117 709 4182 10b
732 4117 781 4183 111
806 4141 836 4202 p.
861 4122 922 4185 212
957 4145 1025 4186 eum
1048 4120 1173 4185 artene

108 4232 267 4296 tribulatio
299 4233 475 4316 aduenerit,
506 4249 578 4306 tuna
606 4238 746 4310 uidelicet
773 4241 825 4307 ilii
853 4239 959 4324 (amici
989 4238 1170 4331 mendaces)
