3000 4942
541 397 806 495 '-1sr-

233 615 439 700 derelictos:
467 633 553 698 sur.
570 633 613 716 n)
633 633 728 716 inps.
745 634 786 698 ss
810 632 1009 700 oeternum
1031 638 1116 721 ceps,
1140 635 1227 701 ruor-

157 755 275 818 ciorum
296 753 452 818 obliteres.

236 923 404 988 derisio:
430 925 515 1002 Ara,
532 917 630 1001 Lactss,
653 942 748 988 anon.
770 922 803 987 in
821 923 879 989 Iob
894 924 925 988 ΙΙ
946 945 978 1007 p.
999 927 1055 989 191
1082 949 1163 1010 qaae
1185 976 1193 992 .
1217 974 1225 988 .

159 1043 290 1108 Samson
323 1092 329 1107 .
359 1090 367 1105 .
396 1044 430 1106 in
459 1041 645 1107 derisionem
676 1053 768 1126 atque
795 1044 830 1106 in
856 1058 984 1107 mortem
1013 1042 1226 1120 credidises,

157 1161 241 1226 Petr.
264 1159 408 1244 Chrysol.
432 1180 525 1224 serm.
550 1160 601 1224 27.

235 1331 467 1395 derisorius:
491 1329 572 1412 Dig„
588 1329 731 1396 Cassiod.
747 1331 843 1416 inps.
863 1334 934 1415 101,
951 1337 970 1400 9
993 1350 1038 1416 ut,
1061 1339 1116 1424 qui
1135 1359 1225 1423 aper·

158 1453 199 1515 tis
233 1451 404 1517 terroribus
433 1473 494 1516 non
524 1449 650 1530 cedunt,
685 1450 844 1516 derisoria
877 1456 980 1541 mopis
1013 1456 1227 1541 increpatione

148 1571 331 1656 flectantur.

220 1741 410 1821 ¹derisus,
434 1763 484 1807 us:
507 1742 579 1807 San.
595 1741 643 1807 rh.
668 1741 701 1824 (l.
718 1741 816 1808 habet
839 1742 920 1824 DV),
945 1742 1014 1808 Val.
1039 1743 1124 1808 Max.
1148 1746 1172 1824 Ι,
1195 1747 1225 1823 5,

158 1866 220 1927 ext.
245 1864 260 1924 l
286 1860 409 1924 derisus
429 1862 548 1946 pratia,
572 1860 718 1940 Phaedr„
741 1865 814 1926 cett.

236 2031 500 2096 deriuatiuus:
527 2031 649 2096 Charis.
675 2034 702 2098 [Ι
725 2053 757 2115 p.
784 2034 842 2098 154
866 2033 899 2116 (l.
923 2056 948 2098 r.
974 2033 1056 2116 Ga),
1081 2033 1185 2099 Diom.
1211 2034 1224 2096 I

157 2172 188 2234 p.
205 2151 266 2214 323
283 2149 323 2214 al.
348 2151 512 2234 (nomina),
535 2152 635 2226 Used,
661 2151 810 2216 Paschae.
828 2153 905 2234 spir.
925 2163 1004 2216 snat.
1024 2155 1050 2230 1,
1075 2155 1104 2230 4,
1127 2150 1224 2216 Prisc.

237 2321 461 2407 deropctor:
485 2322 568 2386 Tert.
593 2320 665 2386 adu.
686 2322 783 2386 Marc.
800 2322 854 2400 IV,
878 2325 918 2387 29
942 2323 1035 2406 quasi
1059 2321 1227 2407 deropator

159 2443 319 2519 uectoria,
343 2440 462 2520 Sidon„
485 2439 635 2519 Liberat„
666 2479 707 2488 -
736 2442 951 2523 derogatio
979 2442 1029 2506 Ad
1052 2444 1137 2520 Her.‚
1162 2440 1226 2505 Cic.
1268 2437 1271 2442 “

148 2557 205 2636 in,
227 2559 311 2625 Tert.
334 2560 408 2624 adu.
431 2560 528 2625 Maro.
554 2562 588 2639 V,
613 2562 642 2637 4,
668 2560 772 2624 Rufin.
798 2561 882 2643 Orig.
906 2561 940 2624 in
961 2581 1009 2643 ps.
1034 2563 1075 2626 38
1097 2559 1129 2624 h.
1154 2563 1183 2640 2,
1207 2562 1226 2624 6

158 2677 395 2764 deropationune
418 2679 469 2742 uel
492 2726 499 2742 .
523 2726 529 2742 .
550 2679 740 2764 probrorum
765 2681 837 2755 tela,
861 2679 893 2743 in
915 2677 1016 2744 Leuis.
1032 2678 1063 2743 h.
1089 2683 1118 2760 9,
1143 2681 1161 2742 7
1185 2678 1225 2744 al.

235 2848 464 2915 desaeuire:
487 2869 517 2931 p,
542 2847 623 2927 Sea,
640 2849 737 2923 Suet,
757 2849 843 2914 Hier.
860 2869 958 2934 saep„
981 2849 1064 2914 utin
1080 2847 1179 2912 Abas.
1195 2846 1227 2912 11

159 2967 200 3032 ad
223 2970 252 3047 3,
270 2971 288 3031 2
310 2969 429 3054 rapida
452 2972 637 3035 daemonum
659 2971 814 3036 aduersus
836 2996 893 3036 nos
911 2971 1056 3057 procella
1077 2971 1226 3036 desueuit.

108 3152 158 3192 18⁶⁰
237 3139 459 3206 desaltare:
483 3140 579 3216 Suet,
602 3144 687 3207 Tert.
704 3141 777 3207 adu.
796 3141 893 3208 Maro.
911 3143 968 3221 ΙΙΙ,
988 3145 1024 3205 ll
1050 3163 1081 3225 p·
1102 3142 1162 3205 136
1179 3140 1227 3220 0„

157 3256 208 3322 Ps.
231 3257 325 3341 Cypr.

120 3473 124 3484 ·
235 3428 511 3532 sesamam:
537 3448 1226 3536 sassrerrsp.11soopu0nmoua,.,

158 3592 220 3651 qno
243 3568 310 3632 ioca
333 3591 412 3654 quae
428 3571 598 3652 patiuntur
621 3569 895 3655 desanpuinentur‚
919 3607 959 3616 —
989 3567 1229 3649 sanguinari

157 3685 199 3750 ib.
224 3689 264 3751 29
292 3686 418 3751 easdem
440 3690 629 3773 asperitates
653 3689 894 3773 (palpebrarum
917 3688 938 3753 i.
962 3708 988 3752 e.
1011 3686 1227 3770 trachomata)

156 3803 297 3888 srioobis
320 3805 413 3870 donee
435 3808 666 3892 sanpuinentur
689 3808 740 3890 (of.
759 3811 784 3870 A
808 3829 839 3889 p.
857 3810 896 3873 76
920 3811 953 3872 ei
975 3806 1031 3872 DV
1055 3828 1079 3870 s.
1103 3809 1158 3889 a).

237 3949 587 4061 descriptionalis:
610 3976 731 4043 Paulin.
748 3977 861 4042 bened.
878 3982 961 4059 patr.
976 3980 1005 4054 6,
1024 3981 1038 4041 l
1065 3975 1229 4061 (historia-

158 4095 231 4161 liter
245 4097 492 4179 praenuntiatur
516 4145 523 4160 .
547 4144 554 4159 .
579 4097 619 4162 de
634 4097 714 4176 Dan,
738 4097 914 4182 principem
935 4095 1077 4161 futurum
1092 4095 1226 4176 Israeli)

159 4227 188 4277 et
203 4239 266 4300 per
288 4213 414 4279 modum
429 4216 712 4300 descriptionalem,
737 4217 842 4303 qualis
851 4218 990 4303 futurus
1006 4217 1059 4296 sit,
1083 4215 1227 4301 desipue-
