2970 4936
700 394 932 460 -374-

249 665 251 670 ,
359 585 559 668 tacueritis
585 599 727 666 chace.
750 599 783 664 in
806 597 899 664 nu:
924 598 961 662 A.

360 773 625 859 indapabilic:
648 774 710 834 act.
726 767 868 834 Cassiod.
891 768 924 832 in
944 788 991 852 po.
1011 771 1113 851 145‚1
1140 771 1180 852 (r.
1194 769 1273 852 (ig.)
1298 771 1370 834 uir·-

284 907 334 958 tne
358 893 513 955 animae.
538 936 547 954 .
570 912 652 974 qnae
674 911 790 953 caueae
812 936 820 952 .
844 937 851 952 .
877 901 1094 952 creaturarum
1108 886 1299 973 indapabiii
1311 914 1369 952 ra-

284 1014 364 1077 tione
384 1010 559 1096 perquirit,
591 1007 625 1071 in
654 1008 714 1071 148
743 1005 858 1086 conci,
887 1007 920 1071 in
949 1008 1010 1074 150
1032 1007 1130 1073 ¹concl.
1154 1007 1213 1090 al.,
1243 1007 1366 1073 Boeth.

282 1150 397 1213 geom,
425 1127 555 1193 orem.
578 1147 610 1209 p.
633 1125 727 1206 394«,
750 1123 826 1192 Isid.
1248 1133 1250 1138 ’

362 1295 458 1363 inde
481 1299 554 1374 est,
578 1292 679 1378 quod
703 1342 710 1358 .
732 1340 740 1357 .
763 1292 835 1360 Son.
856 1292 904 1358 rh.
920 1298 1022 1360 contr.
1036 1294 1082 1359 IV
1097 1298 1181 1380 pnt
1205 1296 1283 1362 iude
1304 1312 1365 1377 eet,

284 1415 371 1505 qaod
390 1415 555 1480 Labienus
578 1464 585 1478 .
610 1462 617 1477 .
639 1414 721 1491 dicit,
745 1410 816 1477 Sen.
840 1410 914 1477 dial.
932 1411 984 1491 vl,
1007 1414 1059 1493 23,
1082 1415 1102 1478 2
1126 1417 1165 1497 (r.
1184 1414 1259 1499 Gg.)
1284 1417 1367 1480 inde

285 1549 340 1618 eet,
362 1543 444 1622 quod
458 1533 555 1598 Plato
578 1533 703 1612 clamat,
728 1533 885 1617 rapientia
902 1533 1042 1596 animuin
1057 1544 1155 1599 toturn
1177 1535 1211 1598 in
1225 1507 1365 1600 mortem

283 1656 470 1741 prominere,
499 1651 579 1716 Plin.
608 1672 658 1734 ep.
682 1649 767 1734 (VII,
790 1653 820 1729 5,
847 1652 902 1733 1),»·
919 1649 1015 1716 Solin.
1038 1653 1090 1732 27,
1113 1653 1165 1733 27,
1193 1653 1235 1718 id.
1261 1655 1314 1734 30,
1342 1658 1364 1720 2

286 1773 338 1858 (cf.
362 1775 413 1852 53,
436 1774 492 1836 27:
525 1770 609 1835 unde
632 1774 694 1848 est,
716 1771 784 1852 ut),
816 1769 922 1848 Quint.
945 1769 1023 1836 decl.
1047 1774 1077 1851 4,
1103 1774 1143 1835 14
1172 1771 1224 1855 (cl.
1250 1773 1363 1852 Quint.

286 1891 363 1956 Inst.
382 1890 434 1970 VI,
460 1894 488 1969 1,
510 1889 562 1967 42,
582 1887 665 1968 VIII,
689 1891 717 1968 6,
742 1891 807 1972 51),
831 1888 934 1970 Capit.
951 1887 1050 1955 Macr.
1069 1890 1100 1972 3,
1115 1894 1145 1969 6,
1161 1892 1241 1975 Vop.
1259 1891 1360 1959 Prob.

288 2014 316 2091 1,
333 2012 362 2091 2,
378 2009 496 2092 Paneg.
511 2009 536 2074 V
552 2008 683 2092 (Eum),
707 2009 749 2073 20
771 2009 883 2104 omnic,
903 2012 1080 2095 principes,
1104 2021 1210 2074 nestra
1232 2026 1308 2076 aunt
1325 2062 1333 2077 .
1353 2061 1362 2078 .

287 2140 316 2193 et
338 2127 410 2193 inde
432 2139 490 2207 eet,
520 2126 605 2214 qnod
632 2127 791 2191 consulere
820 2129 948 2206 sinentis
968 2130 1153 2213 aequaliter
1175 2131 1263 2204 itaet,
1288 2155 1363 2196 cum

287 2248 440 2311 uniuersa
467 2245 614 2325 teneatis,
645 2247 691 2311 IX
714 2245 812 2329 (ina),
836 2247 887 2328 23,
916 2246 979 2311 XII
1007 2247 1153 2332 (Pacci),
1177 2251 1206 2326 9,
1235 2250 1361 2317 Arnob.

287 2366 328 2446 II,
351 2368 403 2446 31,
432 2369 464 2431 ot
489 2365 570 2448 freq.
593 2369 705 2448 posit,
732 2386 762 2430 u.
793 2386 819 2430 c.
848 2365 950 2432 Rufin.
980 2366 1065 2451 orig.
1095 2368 1128 2433 in
1155 2367 1247 2433 Rom.
1273 2369 1314 2450 II,
1341 2374 1362 2436 7

286 2485 358 2550 inde
381 2497 435 2562 est,
459 2491 541 2570 quod
563 2495 593 2548 et
614 2485 649 2548 in
670 2484 725 2547 boc
748 2485 813 2548 ioco
837 2485 1019 2571 enbiunpit.
1036 2534 1054 2568 .,
1076 2487 1109 2551 in
1124 2486 1195 2552 Iesu
1211 2485 1252 2552 N.
1272 2491 1323 2572 15,
1341 2492 1363 2556 3

287 2624 319 2686 p.
345 2603 415 2683 134,
438 2602 544 2667 Ruric.
569 2622 619 2684 ep.
644 2603 683 2681 II,
708 2604 757 2668 15.

364 2771 594 2837 indebitus:
615 2770 720 2855 Verg,
737 2770 806 2852 Oa,
822 2772 892 2856 Dig.
909 2772 1099 2856 (indebitum
1115 2776 1165 2858 a),
1181 2775 1265 2842 Tert.
1285 2779 1363 2845 adu.

287 2890 386 2956 Mara.
411 2891 436 2970 I,
460 2892 512 2971 23,
534 2890 622 2958 Hier.
645 2891 679 2955 in
701 2891 781 2957 Dan.
800 2894 829 2971 9,
854 2893 895 2956 24
918 2891 1060 2958 Herodes
1081 2894 1253 2961 indebitum
1278 2902 1366 2964 arri-

283 3013 361 3096 pnit
385 3033 511 3096 repnum
534 3010 586 3090 al,
609 3011 698 3077 Oros.
720 3010 791 3090 VII,
816 3014 856 3074 27
880 3011 1013 3097 cupidas
1032 3013 1174 3100 praedae
1196 3017 1363 3098 indebitae,

289 3129 365 3195 Ood.
390 3128 520 3211 Theod,
545 3129 628 3195 Cael.
654 3131 729 3195 Aur.
753 3135 776 3195 t.
800 3130 854 3210 IV,
878 3134 907 3211 9,
932 3133 1003 3196 131.

366 3299 733 3366 indeclinabiliter:
756 3300 860 3365 Rufin.
884 3299 970 3382 Orig.
993 3302 1093 3385 prino.
1115 3302 1155 3383 H,
1180 3307 1209 3379 6.
1233 3309 1252 3370 6
1275 3317 1364 3393 quod

289 3467 296 3483 .
315 3468 322 3483 .
339 3419 599 3484 indeclinabiliter
620 3430 722 3484 motae
745 3442 783 3484 ac
799 3431 904 3502 peetus
920 3422 1060 3506 corporis
1076 3425 1210 3507 inscipit
1224 3435 1254 3487 et
1266 3429 1362 3510 perit,

289 3537 331 3602 id.
355 3538 454 3604 eiuod.
477 3538 509 3601 in
532 3538 604 3603 Iesu
626 3537 665 3602 N.
681 3538 712 3602 h.
728 3541 760 3618 4,
784 3540 813 3617 2,
836 3539 869 3603 in
885 3539 934 3604 Ps.
951 3541 992 3605 36
1014 3541 1045 3606 h.
1062 3543 1091 3620 5,
1115 3545 1145 3621 4,
1169 3543 1260 3626 Aug,
1284 3545 1364 3612 Gas-

291 3657 369 3722 sian.
393 3656 472 3723 0011.
494 3656 610 3733 XXIV,
633 3658 674 3722 24
696 3656 748 3736 al,
776 3656 928 3737 chalcia,
951 3659 1036 3724 Max.
1059 3660 1153 3725 Taur.

227 3866 278 3905 nec
372 3826 532 3909 1111180012
560 3844 660 3908 subet.
677 3843 719 3927 (i)
750 3843 860 3910 Ambe.
877 3845 920 3928 (i)
947 3845 979 3909 in
1002 3847 1135 3913 Susann.
1158 3847 1238 3930 laps.
1264 3851 1295 3928 8,
1320 3854 1364 3917 34

291 3963 494 4050 qnantnnneie
524 3965 659 4027 laborem
687 3977 716 4027 et
744 3963 919 4029 indecorem
949 3965 1052 4030 subire
1080 3974 1239 4047 contende,
1272 3961 1365 4035 dum·
1461 3953 1482 3958 .,

295 4090 385 4148 macto
412 4082 452 4146 ab
482 4081 693 4145 aeternalibus
718 4084 827 4168 poenis
857 4084 1012 4164 libereris,
1041 4085 1101 4152 nisi
1121 4089 1229 4151 tamen
1255 4093 1366 4157 mauis

290 4222 350 4288 pro
372 4200 531 4266 adiectiuo
554 4199 708 4286 accipere.
