3000 4942
578 422 940 484 ¹-176-

284 607 379 674 imbri
402 606 543 691 largifico
566 655 574 672 .
598 655 606 671 .
630 605 741 690 eadit),
764 606 931 692 owdrfloae
954 607 1031 673 Aue.
1054 606 1119 693 (oui
1140 606 1254 674 breuia
1275 607 1361 674 mela

284 726 435 792 modifica
457 727 589 808 recino),
613 724 760 809 regificos
784 725 876 810 Verg.
898 725 1029 811 (luxus),
1053 726 1123 794 Vel.
1139 726 1212 807 FL,
1237 727 1360 806 Amba,

283 847 464 930 eermifime
487 845 580 910 inser.
599 850 691 910 metr.
709 845 869 929 (coelum),
893 845 1058 930 etettificm
1075 843 1172 929 (DV),
1195 845 1361 913 uestifieue

285 964 348 1050 Cic,
377 987 408 1048 p.
436 963 529 1029 belua
562 963 616 1048 (cf.
648 985 717 1046 sup.
741 965 826 1047 285),
859 965 955 1031 etiem
984 986 1070 1049 pase.
1102 971 1135 1031 et
1163 963 1361 1049 magnitious,

284 1082 442 1149 laetificus
465 1083 553 1168 (hist.
576 1083 651 1166 trip.
676 1082 762 1163 VIII,
789 1089 807 1147 I
828 1083 963 1150 hilarior
985 1089 1018 1150 et
1039 1084 1133 1150 uultu
1154 1083 1319 1168 laetifico).

363 1287 639 1390 detoessteoos:
677 1304 853 1371 Marcellin.
889 1307 977 1372 Com.
1013 1306 1127 1373 Chron.
1161 1306 1204 1371 ed
1238 1326 1267 1371 5.
1298 1309 1361 1373 512

284 1425 574 1511 Deipaeeiaoorum
608 1427 824 1511 quaternitas,
859 1424 977 1492 Rustic.
1008 1447 1034 1491 c.
1068 1425 1186 1509 Aoeph.
1217 1443 1249 1509 p.
1279 1429 1360 1492 1215

285 1546 340 1630 qui
356 1544 461 1608 Deum
476 1545 668 1628 passibilem
684 1543 800 1626 dicum,
816 1545 1023 1630 Deipoeeiam‘
1045 1557 1211 1610 uocantur.
1234 1544 1280 1609 Of.
1296 1550 1363 1610 tra-

289 1662 444 1726 ducianus
466 1660 521 1726 inf.
545 1664 639 1728 5695.

367 1867 523 1949 dedere:
550 1884 671 1950 Rustic.
695 1905 720 1950 c.
747 1885 864 1970 Aceph.
888 1906 919 1969 p.
946 1887 1024 1950 1201
1056 1887 1124 1952 Deo
1147 1887 1370 1967 inhumanato,

287 2003 407 2068 homme
428 2027 503 2069 uero
527 2003 657 2083 deitato,
687 2004 739 2067 uel
764 2006 1032 2093 qualitercumque
1055 2009 1125 2092 quie
1148 2009 1303 2088 nominat,
1326 2010 1361 2072 it

286 2113 735 2207 mmmmmmt

365 2329 506 2396 deitas:
533 2331 609 2396 Aru.
638 2330 678 2412 »I,
695 2331 774 2394 28«:
801 2350 823 2396 5
845 2350 907 2415 quo
929 2329 1031 2414 ipsam
1056 2329 1219 2406 deitatem,
1242 2335 1284 2394 ut
1297 2330 1363 2402 ,555

287 2445 436 2528 dicam,
464 2451 595 2515 sortitos
617 2470 686 2514 5555
708 2470 742 2515 55
765 2449 915 2530 sentiunt,
938 2449 1040 2514 Hilor.
1063 2449 1096 2513 in
1118 2448 1233 2524 Matth.
1260 2450 1307 2528 16,
1322 2452 1362 2528 Ι5,

227 2563 230 2568 ’
287 2565 374 2631 Hier.
397 2566 430 2631 in
454 2566 534 2651 Eph.
559 2571 590 2634 II
613 2569 656 2634 od
678 2572 708 2649 4,
732 2572 811 2653 5sq.
835 2570 928 2649 abrit,
958 2581 994 2633 ut
1019 2593 1080 2633 555
1102 2571 1146 2633 eit
1167 2570 1202 2633 ire
1224 2569 1363 2634 domina·

288 2686 369 2750 te'ooe
392 2685 495 2750 deitae
518 2687 570 2750 uel
597 2689 630 2751 m
659 2687 775 2752 deitate
798 2687 988 2769 dominatio,
1018 2690 1062 2755 id.
1085 2688 1157 2754 Did.
1181 2689 1258 2773 spIr.
1280 2694 1361 2754 5555.

290 2805 338 2885 18,
363 2805 403 2870 29
427 2804 478 2886 al,
502 2805 606 2871 Rufin.
630 2807 714 2890 apol.
741 2810 765 2887 I,
789 2811 817 2886 4,
846 2808 888 2890 II,
912 2811 963 2888 47,
992 2808 1036 2872 id.
1062 2809 1116 2873 Or.
1138 2808 1170 2873 in
1193 2808 1283 2874 Rom.
1305 2807 1362 2887 III,

287 2923 306 2986 8
330 2922 383 3001 55,
408 2924 490 3006 Aug.
518 2923 570 2989 »O.
595 2923 633 2988 D.
658 2923 728 3006 VII,
754 2929 767 2988 l
793 2926 875 2992 ina:
904 2926 988 2992 5555
1012 2927 1213 2992 diuinitatem
1236 2926 1297 3020 uel,
1320 2933 1363 2992 ut

286 3042 343 3106 sio
363 3042 457 3107 dixe
467 3043 558 3123 rim,
582 3029 744 3124 deitatem,
760 3064 835 3110 nam
851 3044 960 3111 55555
975 3046 1074 3112 uerbo
1089 3046 1137 3110 uti
1152 3046 1219 3111 iam
1234 3049 1363 3111 nostros

286 3183 349 3228 non
373 3163 478 3247 piget,
510 3169 546 3228 55
575 3165 615 3230 de
642 3184 757 3247 graeco
784 3167 964 3250 expressius
987 3166 1186 3232 transferant
1213 3165 1246 3230 id
1274 3165 1364 3248 quod

286 3281 333 3346 illi
356 3281 496 3371 dedrqm
520 3283 696 3367 appellant,
719 3284 827 3365 Prud,
851 3305 944 3352 5555.
967 3287 1000 3351 in
1023 3286 1080 3352 Iob
1103 3286 1119 3350 I
1140 3307 1173 3369 p.
1196 3288 1236 3352 52
1261 3285 1362 3351 detta·

287 3405 329 3468 tio
352 3406 387 3469 ire
410 3428 443 3469 ee
466 3429 625 3471 aooeesum
647 3431 708 3472 555
730 3409 887 3473 sustineres
909 3407 960 3486 55,
988 3406 1046 3472 lul.
1070 3426 1122 3489 ap.
1146 3408 1276 3489 Augso.
1299 3425 1362 3472 555.

285 3544 370 3608 resp.
386 3522 444 3589 Iul.
468 3523 493 3607 I,
509 3527 550 3591 38
566 3525 618 3606 al,
642 3527 760 3592 Arnob.
783 3527 847 3591 iun.
871 3524 1006 3605 consil,
1025 3527 1063 3590 18
1087 3530 1122 3591 et
1142 3545 1242 3609 saep,
1265 3523 1362 3590 Prae·

288 3642 368 3710 dest.
390 3643 416 3723 I,
441 3645 482 3709 26
506 3643 556 3726 al,
580 3643 633 3709 all.

366 3831 1363 3932 tmmmfflmmmwmmm

285 3969 528 4048 detauationem,
563 3969 676 4052 »glosa
701 3988 747 4051 gr.
772 3968 859 4048 lat«,
887 4006 928 4016 -
959 3967 1093 4034 uerbum
1114 3967 1173 4032 Th.
1197 3967 1296 4033 Prisc.
1319 4007 1363 4018 --

285 4089 457 4156 dolauatus
486 4087 511 4169 I,
543 4089 584 4153 32
618 4111 679 4152 555
712 4087 874 4152 delouote'e
905 4089 1073 4174 prioribus
1108 4086 1247 4172 (delatus
1270 4089 1312 4154 IV
1339 4089 1362 4154 f.

289 4209 402 4292 3545),
426 4207 592 4272 delauabis
616 4207 641 4287 I,
667 4211 681 4270 l
709 4214 740 4273 55
762 4209 782 4271 4
807 4247 856 4282 --,
880 4208 970 4290 Apio.
988 4207 1073 4286 VIII,
1098 4227 1124 4271 o.
1148 4209 1166 4270 7
1187 4205 1364 4292 porcellum
