2970 4942
587 412 817 474 -167-

244 598 540 664 decrementum:
575 595 665 677 Geli,
689 597 771 681 App.
794 595 854 676 bis,
882 596 968 662 Hier.
993 596 1080 680 Orig.
1104 597 1137 663 in
1158 596 1233 662 Luc.
1357 673 1358 680 ,

164 719 249 785 hom.
274 720 293 784 8
326 720 356 782 si
379 766 386 783 .
411 767 418 783 .
442 741 496 781 nec
519 727 732 802 aupmentum,
763 739 823 778 nec
848 714 1074 780 decrementum
1095 717 1235 802 recipcre

61 861 67 869 ·
165 849 276 925 potest,
300 841 378 921 Aug.
512 878 524 894 -
971 835 973 839 ’

126 1055 130 1064 “
242 1023 465 1107 detrusisse:
493 1041 570 1107 Ven.
594 1040 651 1106 uit.
667 1041 773 1108 Germ.
791 1043 830 1105 77
854 1065 922 1107 eum
946 1067 1028 1108 ccco
1044 1042 1160 1129 frique
1184 1040 1235 1106 de-

165 1175 330 1241 crustaret,
355 1175 384 1225 et
406 1185 506 1246 oquae
528 1163 563 1225 in
586 1174 726 1225 crustum
744 1173 879 1226 uerteret
885 1186 896 1244 ,·
920 1198 958 1209 -
983 1166 1127 1229 01111111
1142 1163 1232 1242 Ptin,

164 1280 228 1362 ali,
250 1285 470 1346 concrustatus
493 1283 605 1360 Amm,
629 1281 808 1346 incrustare
832 1282 935 1362 Varr,
960 1281 1046 1361 Hor.,
1069 1286 1166 1373 posit.

242 1468 464 1534 decubare:
499 1467 576 1533 Fub.
608 1467 686 1532 Pict.
717 1489 769 1552 ap.
800 1467 891 1545 Geli,
923 1471 998 1535 Ven.
1030 1469 1115 1535 Fert.
1143 1469 1231 1536 Misc.

164 1587 261 1667 111„4
284 1610 331 1651 me
353 1638 361 1652 .
386 1635 393 1651 .
418 1587 543 1652 litorcli
567 1586 689 1653 diutius
713 1589 747 1651 iu
768 1591 909 1674 marpine
932 1588 1110 1654 decubante.

241 1775 447 1861 decuptuc:
471 1775 562 1859 Vulg.
580 1775 661 1840 Dan.
685 1781 719 1841 et
737 1775 823 1842 Hier.
840 1777 872 1842 in
888 1777 968 1844 Dan.
986 1780 1015 1858 2,
1034 1780 1082 1856 15,
1107 1775 1230 1856 Βο0111,

118 1905 122 1914 “
163 1897 255 1962 Aldh.
280 1902 402 1981 septen.
426 1918 457 1981 p.
484 1883 543 1962 176
568 1896 702 1984 decuplo
725 1898 913 1962 schematum
936 1897 1055 1984 species
1078 1896 1120 1962 al.

238 2084 426 2186 (1001188118,
454 2123 474 2166 u
497 2101 576 2166 Plin.
592 2101 646 2181 XI,
663 2103 713 2181 62,
733 2102 793 2166 163
810 2100 953 2164 decidere
969 2123 1040 2164 enm¹
1058 2100 1228 2183 (aculeum)

161 2244 333 2306 rursusque
365 2242 537 2290 recrescere
565 2220 702 2307 facilem
736 2219 879 2284 decursu.
924 2218 1080 2283 Nimirum
1114 2219 1229 2303 supina

162 2361 244 2423 quae
267 2341 416 2408 dictitent
439 2339 517 2405 nihil
538 2340 627 2405 aliud
653 2343 726 2404 suut
748 2339 810 2402 nisi
831 2358 922 2403 casus
946 2337 1117 2402 nominum.
1189 2337 1194 2342 “

106 2547 159 2587 mcc
238 2528 516 2594 dedecoratio:
551 2527 651 2607 Tert,
685 2526 791 2593 Rufin.
827 2525 913 2610 Orig.
942 2526 975 2590 in
1004 2525 1159 2605 Romu,
1190 2527 1228 2590 13

114 2717 117 2721 .
158 2668 189 2730 p.
217 2650 284 2716 137.

239 2817 521 2884 dedecorosus:
549 2819 629 2884 vict.
646 2819 731 2902 epit,
750 2816 846 2898 Hier,
862 2815 967 2881 Rufin.
983 2815 1068 2898 Orig.
1084 2815 1117 2879 in
1137 2815 1227 2881 Rom.

158 2939 214 3017 IX,
238 2939 279 3004 32
302 2938 358 3018 al.,
394 2937 483 3002 0101.
516 2938 547 3003 h.
576 2940 633 3016 111,
656 2939 696 3003 23
732 2936 1009 3002 dedecorosissima
1038 2933 1227 3021 proditione,

159 3057 236 3125 cod.
261 3058 327 3136 Th,
351 3057 482 3122 Primus.

69 3327 70 3330 Ἴ
236 3226 471 3294 dedecorum
504 3227 575 3294 Son.
600 3250 648 3312 ep.
673 3229 723 3306 90,
748 3229 788 3291 26
814 3225 979 3292 dedecoros
1003 3226 1142 3310 corporis
1165 3247 1229 3288 mo·

159 3358 220 3425 tue,
243 3349 315 3412 Tuo.
340 3346 389 3411 bis
413 3351 444 3430 (e
467 3346 567 3411 Picus
594 3347 708 3412 Bacch.
736 3348 813 3410 1201
839 3366 922 3410 nunc
944 3335 1134 3427 expulsum).

234 3535 464 3601 *dedicare
489 3535 530 3599 al.
556 3543 632 3618 (non
655 3555 734 3614 rem,
757 3533 813 3599 sed
837 3537 942 3598 actum
964 3529 1117 3614 aliquem)
1134 3552 1164 3613 q.
1181 3531 1227 3595 in-

157 3654 301 3734 stituere,
325 3655 516 3738 inaugurare
539 3654 634 3728 Hier..
661 3659 697 3719 ut
719 3653 793 3717 adu.
816 3651 916 3720 lcuiu.
939 3650 980 3729 II,
1006 3652 1044 3714 15
1075 3671 1113 3713 ec
1129 3661 1227 3740 purte

157 3773 309 3837 ieiunium
333 3771 509 3837 dedicatum
532 3789 587 3850 eet,
609 3772 651 3837 ib.
668 3771 722 3837 inf.
747 3786 776 3835 et
797 3773 866 3857 ipse
882 3771 1040 3836 Dominus
1068 3769 1227 3854 baptismo

157 3916 249 3957 sunm
269 3893 335 3957 XL
359 3892 481 3957 dierum
505 3894 621 3957 ieiunio
647 3889 818 3954 dedicauit.

235 4039 455 4146 eee'ioauo:
479 4081 543 4146 cu.
560 4081 644 4146 eom.
661 4081 711 4160 ec,
734 4079 802 4164 me
817 4077 888 4161 (cv
905 4075 1026 4158 hauet),
1050 4075 1129 4154 mu,
1153 4073 1224 4139 sen.

160 4195 234 4259 dial.
259 4199 297 4275 X,
321 4198 372 4271 20,
396 4201 425 4277 5,
449 4198 500 4262 all.
523 4204 573 4281 pA
598 4205 630 4262 et
651 4217 730 4262 recu.
