2970 4942
736 393 965 456 -156-

395 576 663 643 eubieular'is:
695 575 768 657 Ciu,
792 576 862 643 Vel.
886 576 969 641 Max.
994 577 1033 659 (r.
1057 575 1140 660 (ip),
1163 573 1253 653 Plin.‚
1278 573 1384 657 Mart„

316 697 400 764 Tert.
424 718 482 762 an.
499 699 549 773 25,
573 699 669 779 posit.

392 892 565 973 rubuario
592 906 710 972 Rufii:
735 910 760 970 A
784 928 814 990 p.
832 908 886 972 δ’.

302 1086 304 1090 ’
393 1103 600 1167 cubiture:
634 1101 737 1166 Plaui.
761 1102 809 1184 fr„
832 1102 967 1186 Dynam.
991 1101 1015 1179 Ι,
1039 1105 1080 1167 49
1115 1100 1209 1165 aliud
1235 1125 1386 1200 papauer

315 1270 323 1287 .
348 1269 355 1286 .
378 1222 505 1286 uriuorie
530 1235 575 1284 erl
598 1223 724 1306 riperti,
749 1220 834 1306 quod
849 1221 1014 1305 paulatim
1036 1220 1180 1285 eubitura
1203 1219 1332 1285 deuouit.

392 1394 537 1498 cubula:
563 1434 638 1498 Arn.
663 1433 796 1510 V11‚24
820 1434 931 1517 (genus
954 1431 1033 1516 libi).

394 1621 711 1696 eueuuierarius:
740 1630 796 1694 Th.
820 1629 916 1694 Prisc.
937 1628 980 1708 ΙΙ,
1005 1631 1023 1694 3
1053 1631 1118 1695 oleo
1142 1631 1240 1692 ueteri
1260 1631 1313 1693 uel
1333 1652 1385 1694 cu-

318 1750 501 1830 cumerario,
523 1749 567 1814 ib.
594 1751 641 1828 12,
665 1749 743 1814 Plin.
768 1749 835 1813 Vel.
859 1751 915 1829 111,
941 1750 979 1813 13
1003 1748 1143 1832 (oleum).

392 1935 795 2019 cuiusmodicunque:
828 1935 890 2000 Gie.
924 1955 984 2019 pro
1014 1935 1135 2000 cluent.
1160 1909 1190 2015 3,
1218 1939 1256 2000 17
1287 1935 1382 2001 codd.

313 2054 423 2138 plum,
447 2056 526 2139 Aug.
544 2054 622 2120 Gen.
647 2054 689 2120 ad
710 2055 758 2120 lit.
775 2056 803 2132 3,
827 2056 866 2119 10
889 2056 983 2119 eiiam
1006 2056 1109 2141 ipram
1132 2057 1308 2135 materiam,
1332 2078 1384 2119 cu·

312 2172 567 2259 iurmedieueque
590 2176 642 2255 sil,
666 2198 726 2238 uon
741 2197 914 2259 pessumus
938 2172 1042 2239 dicere
1063 2197 1125 2238 uon
1139 2176 1178 2238 ab
1198 2198 1231 2240 ee
1243 2174 1382 2259 fartam.

393 2362 609 2450 culpabilis
633 2363 824 2448 (coupable):
859 2362 949 2445 App..
970 2361 1074 2443 dogm.
1102 2360 1183 2426 Plat.
1207 2360 1248 2442 ΙΙ,
1274 2364 1312 2426 15
1340 2361 1384 2425 in.

314 2481 520 2566 culpabilium
549 2483 702 2560 uirorum,
730 2480 773 2545 ib.
799 2483 837 2545 19
861 2479 912 2560 al„
944 2479 1039 2558 Turi,
1070 2479 1163 2563 Cypr.
1194 2478 1279 2544 cuth.
1306 2479 1384 2544 ecel.

313 2599 390 2664 unit.
414 2603 451 2664 21
477 2599 528 2679 ai,
559 2598 675 2665 Nouat.
704 2599 764 2664 eib.
795 2599 865 2663 Iud.
889 2600 919 2676 3,
954 2597 1038 2678 Aru,
1073 2598 1160 2664 Hier.
1189 2619 1238 2682 ep.
1269 2599 1339 2678 148,
1364 2601 1384 2664 5

314 2720 360 2784 ibi
375 2719 510 2804 feriere,
539 2720 587 2783 lie
608 2742 668 2783 uou
685 2718 806 2804 fecisse
833 2718 989 2804 culpabile
1012 2731 1058 2782 erl
1080 2717 1135 2797 aL,
1166 2716 1270 2782 Rufin.
1295 2717 1382 2800 Orig.
1455 2761 1460 2766 -

312 2839 345 2901 in
368 2837 458 2903 Rom.
482 2837 524 2917 ΙΙ,
549 2838 588 2903 13
611 2837 663 2916 aL,
686 2837 787 2920 [enon.
815 2837 848 2901 in
878 2836 935 2902 Iob
960 2839 973 2901 1
1003 2858 1034 2920 p.
1059 2839 1088 2909 7,
1120 2837 1216 2920 intpr.
1241 2835 1325 2920 Orig.
1348 2837 1384 2900 in

312 2957 425 3022 ruauh.
450 2959 500 3034 25,
523 2955 575 3020 ell.

391 3151 514 3218 culte:
539 3150 632 3216 Ouid.
655 3150 741 3217 Fasi.
766 3149 803 3229 V,
828 3153 890 3216 668
915 3151 1009 3236 loqui,
1035 3155 1107 3216 cett.

389 3347 588 3414 *culturaz
612 3347 691 3430 (dei)
714 3347 797 3412 Ter'r.
822 3347 907 3432 apol.
933 3350 981 3427 16,
1005 3367 1090 3412 carn.
1116 3346 1189 3412 Chr.
1209 3349 1239 3427 4,
1263 3345 1383 3414 Minue.

311 3467 391 3549 FeL,
427 3467 523 3548 Laut.
545 3469 633 3551 (Arn.
662 3467 709 3532 ita
736 3466 833 3533 cultio
858 3465 954 3545 V1‚9
987 3466 1069 3550 plur.
1096 3465 1170 3550 eL),
1205 3466 1383 3549 Commod„

311 3587 438 3670 Lampr.
463 3585 631 3669 Heliogeb.
657 3587 686 3665 3,
710 3589 740 3665 5,
769 3575 855 3650 Hier.
879 3607 928 3669 ep.
952 3587 992 3650 78
1018 3606 1119 3650 mens.
1145 3590 1160 3650 1
1186 3606 1243 3662 ex„
1274 3585 1382 3652 Rufin.
1481 3661 1483 3666 ¹

311 3705 397 3790 Orig.
419 3707 453 3771 in
475 3704 571 3771 Num.
597 3708 644 3785 17,
671 3709 684 3768 1
716 3704 908 3786 daemonum,
938 3704 1070 3791 [Rufiu]
1092 3705 1124 3769 in
1148 3704 1200 3768 Os.
1225 3705 1255 3768 II
1282 3701 1326 3766 ad
1351 3706 1383 3787 8,

311 3829 398 3906 isq„
422 3823 480 3888 Iul.
503 3843 554 3906 ap.
572 3827 650 3906 Aug.
674 3845 699 3900 c,
724 3844 785 3888 sec.
808 3843 892 3907 resp.
919 3823 975 3889 Iul.
1000 3823 1024 3904 Ι,
1048 3826 1099 3902 48,
1121 3823 1218 3906 intpr.
1237 3820 1323 3905 Orig.
1348 3824 1383 3888 in

310 3942 424 4008 Matth.
449 3944 489 4007 63
517 3941 687 4018 idolorum,
720 3944 779 4007 123
812 3968 831 4008 a
853 3942 1009 4008 Iudaicae
1033 3944 1175 4007 culturae
1199 3941 1383 4009 doctoribus

310 4061 361 4141 al„
385 4081 477 4128 anon.
493 4061 525 4125 in
550 4060 640 4126 lobI
662 4082 694 4144 p.
714 4063 752 4126 16
775 4062 843 4127 Dei
863 4062 914 4142 al„
938 4061 1025 4145 Sulp.
1043 4062 1125 4142 Seu„
1150 4061 1226 4130 Ood.
1244 4061 1382 4147 Theoi,

310 4181 403 4263 Greg.
426 4180 498 4244 hist.
521 4179 634 4244 Freno.
654 4179 740 4259 VIII,
766 4184 813 4246 15.
