2970 4942
703 383 935 446 -122-

287 568 384 651 2858)
416 567 504 631 licuit
532 567 580 631 ca
609 565 703 632 donor
738 569 881 632 uiuerent
908 590 1021 648 annos,
1051 604 1091 617 -
1126 572 1179 633 rut
1205 567 1368 652 collegius

246 679 249 684 ‘
285 686 400 768 legitur
422 686 633 769 similiaque«.

364 837 679 922 ΒοΙΙΙΙΙΙΙΒῖἰῦΙΙᾶΙΙδῖ
707 854 799 922 Thes.
823 876 895 921 nou.
917 855 974 920 let.
997 876 1027 938 p.
1052 856 1124 921 281.

366 1008 645 1075 connaturalia
669 1006 751 1073 Mar.
771 1007 938 1074 Victoriu:
963 1009 1000 1082 A,
1022 1007 1135 1074 Boeth.

365 1165 658 1228 connaturatio:
683 1165 770 1230 Cass·
793 1163 859 1229 Fel.
884 1165 924 1228 26
947 1184 978 1246 p.
1003 1165 1043 1228 42
1071 1163 1207 1227 duritias
1231 1211 1237 1226 .
1264 1212 1272 1227 .
1295 1189 1365 1229 mu·

287 1283 420 1346 eculoeis
449 1282 639 1345 membranis
666 1286 924 1348 concatenatione
957 1283 1091 1369 infimae,
1127 1283 1212 1369 quod
1240 1283 1365 1349 Graeca

288 1416 360 1467 cata
383 1400 529 1488 eynfyein
552 1415 677 1480 uocant,
699 1401 776 1466 Isid.
801 1401 948 1487 (Quium).

364 1568 907 1671 emmffifflm

367 1761 671 1823 connumeratio:
695 1758 776 1822 Mar.
793 1759 888 1825 Mero.
905 1766 1026 1842 exerpt.
1042 1760 1161 1826 Theod.
1174 1760 1275 1843 Mops‚
1292 1765 1325 1842 5,
1342 1765 1362 1826 2

288 1876 413 1963 quando
437 1879 570 1941 alterum
595 1878 888 1963 alteriindiffereno
906 1878 1053 1959 creditur,
1076 1882 1168 1945 inccta
1184 1881 1268 1964 quod
1283 1880 1363 1944 duo·

288 2020 359 2060 rum
384 1998 570 2062 uocabulum
601 1999 964 2082 connumerationemque
992 1999 1142 2078 sortitur,
1172 1999 1286 2079 Prisc,
1318 2039 1363 2049 —

289 2138 564 2180 connumerare
586 2116 665 2196 lati,
691 2119 774 2190 Ara..
799 2119 910 2189 Amm.,
934 2115 1019 2179 Hier.
1037 2115 1108 2180 Did.
1128 2117 1204 2200 spir.
1221 2124 1300 2181 snat.
1322 2122 1362 2184 16

290 2240 372 2319 (sup.
396 2258 442 2302 nr.
466 2239 552 2319 855),
576 2258 624 2319 ep.
650 2239 699 2312 36,
727 2239 763 2301 15
793 2235 922 2300 Samuel
939 2235 1096 2321 propheta
1120 2249 1363 2303 connumeratus

290 2358 395 2442 Moysi
417 2357 468 2433 aL,
490 2357 586 2440 intpr.
608 2356 642 2420 in
664 2355 777 2420 Metth.
802 2358 852 2433 79,
877 2375 925 2418 en.
950 2356 982 2418 in
1006 2353 1063 2419 Iob
1086 2355 1101 2417 1
1124 2375 1155 2437 p.
1182 2358 1220 2419 12
1249 2368 1285 2420 at
1306 2381 1362 2422 no-

288 2481 374 2543 mina
397 2491 505 2544 nostra
528 2527 535 2543 .
560 2527 567 2543 .
592 2501 661 2541 cum
681 2479 774 2542 iuetia
797 2488 1054 2540 connumerentur
1075 2472 1127 2552 al„
1151 2474 1204 2539 all.

370 2637 687 2733 connuncupare:
722 2645 821 2710 Hilar.
854 2645 893 2710 de
923 2645 1033 2727 synod.
1057 2646 1098 2709 33
1127 2667 1186 2708 non
1218 2643 1363 2710 admittit

290 2789 350 2830 uno
374 2778 464 2849 atque
487 2765 734 2830 eodemnomine
756 2776 898 2849 patratae
926 2775 1164 2849 connuncupata
1192 2763 1362 2828 dissimili-

290 2885 429 2950 tudinem
450 2886 626 2970 potestatis‚
650 2883 692 2946 id.
710 2883 793 2948 Trin.
813 2881 866 2961 VI,
885 2882 991 2958 5021„
1015 2882 1095 2946 Mar.
1112 2881 1209 2946 Mora.
1224 2882 1360 2947 Sabaot.

289 3011 317 3087 8,
336 3012 355 3073 9
379 3009 616 3073 connamcrauit
631 3021 659 3070 et
681 3008 933 3092 connuncupauit
956 3019 984 3068 et
1004 3009 1167 3090 paruolae,
1191 3004 1232 3070 id.
1251 3001 1361 3085 Gyrill.

289 3127 373 3211 epol.
397 3127 469 3192 adu.
497 3126 616 3192 Oriont.
640 3147 672 3209 p.
697 3127 758 3190 952
771 3145 815 3206 sq.
833 3123 875 3187 M.
894 3124 946 3204 ai,
971 3124 1072 3207 [isici]
1096 3124 1166 3189 coll.
1190 3143 1301 3188 canon.
1320 3125 1362 3187 10

289 3254 389 3333 (cone.
413 3247 508 3330 Eph.)
532 3268 561 3328 p.
586 3248 627 3311 84
651 3246 744 3310 Areu.
769 3257 1025 3329 connuncupatur
1047 3244 1149 3308 Deua.

367 3417 667 3504 *conquadrare
689 3419 872 3480 intrare:
898 3416 974 3497 Aug.
999 3435 1025 3479 c.
1049 3412 1142 3495 epist.
1159 3412 1362 3491 Parmen.11‚

292 3540 339 3616 10,
356 3540 397 3602 20
419 3537 493 3601 haec
515 3538 545 3600 oi
568 3559 601 3600 eo
623 3535 712 3600 modo
735 3533 944 3620 inteilcyenda
963 3546 1046 3611 eunt,
1070 3555 1129 3619 quo
1153 3533 1193 3594 ab
1215 3531 1288 3596 istie
1313 3531 1363 3594 in·

290 3657 486 3743 telleyuntur,
509 3679 563 3719 nec
584 3655 675 3720 nobie
697 3677 751 3718 nec
773 3654 854 3738 ipeie
876 3651 1071 3738 conquadret
1092 3652 1177 3715 ratio
1199 3649 1361 3731 ueritatis,

289 3776 397 3843 Sidon.

366 3932 1365 4030 mmmmfflmmmmm

288 4069 391 4131 noetri
413 4067 628 4131 incarnatione
649 4078 727 4129 nata
744 4065 941 4151 conquaestio
957 4074 1011 4141 eet,
1034 4100 1073 4110 -
1090 4059 1128 4126 ef.
1145 4064 1363 4140 conquaestor

292 4185 382 4252 Varr.
407 4185 480 4269 ling.
504 4185 560 4251 lat.
585 4186 638 4266 Vl,
662 4189 702 4250 79
727 4184 818 4250 codd.
