2970 4936
697 415 925 480 ..400-

360 605 561 666 irc-natue:
584 600 669 665 Ten.
686 600 769 683 apol.
787 601 894 682 4721„
915 601 1019 667 Rufin.
1036 601 1174 686 Pamph.
1190 623 1259 686 pro
1278 603 1369 687 Orig.

276 741 309 804 p.
332 721 394 785 307
424 732 531 786 atram
556 732 651 786 natac
678 722 722 785 cit
744 743 784 786 an
807 723 936 785 innatae
956 721 997 786 al.
1028 719 1080 806 (cf.
1105 722 1217 806 2774),
1249 722 1369 802 Pruo„

277 839 380 906 Nicet.

355 1061 690 1143 innauigabilis:
713 1060 792 1141 Lin,
816 1060 916 1140 Leon,
941 1061 1024 1126 Hier.
1047 1062 1078 1126 in
1095 1061 1150 1126 Ec.
1167 1061 1216 1126 IX
1243 1063 1290 1128 ad
1309 1065 1365 1138 30,

280 1183 377 1264 lsqq.
400 1181 456 1244 ubi
489 1180 584 1244 Nilus
616 1181 839 1258 innauiqabilio
872 1192 915 1244 cot
943 1194 971 1244 ct
1005 1191 1248 1245 cataractarum
1278 1183 1367 1268 fra-

275 1322 340 1377 ρον,
364 1299 448 1364 Iorn.

355 1521 546 1584 innotare:
577 1518 680 1584 Rufin.
705 1518 790 1603 Orig.
820 1519 853 1584 in
877 1520 966 1585 Rom.
991 1519 1031 1600 ΙΙ,
1058 1521 1095 1585 13
1127 1519 1309 1586 aduersari
1333 1535 1365 1586 et

278 1661 346 1728 cam
368 1640 519 1703 irrisione
537 1637 676 1724 quodam
698 1640 842 1703 innotare
856 1639 962 1704 Deam
978 1639 1069 1726 Leuis
1084 1643 1161 1705 colet
1176 1638 1361 1726 (Marcion)

276 1780 338 1821 non
360 1758 460 1822 colum
482 1760 562 1842 ipae,
593 1756 651 1820 ned
672 1768 700 1821 et
723 1780 827 1822 omnco
850 1757 1011 1834 haeretici,
1041 1760 1095 1843 qai
1122 1758 1216 1822 Vetus
1247 1761 1362 1827 Testa·

276 1890 411 1941 mentum
434 1877 615 1964 repudiant,
637 1878 756 1944 Prud.¹

338 2099 631 2181 'innotescentia
663 2114 713 2179 Ps.
738 2114 872 2180 Euenor.
896 2135 1007 2180 comm.
1031 2115 1064 2180 in
1087 2117 1161 2197 neg.
1185 2115 1211 2192 1,
1240 2120 1282 2182 14
1305 2121 1356 2184 na

275 2246 431 2319 utcunque
462 2255 558 2320 aurqo
592 2233 637 2296 od
662 2235 912 2298 innotescentiam
940 2233 1030 2298 illiue
1058 2257 1138 2320 quae
1168 2243 1355 2320 appellatur

158 2353 159 2356 '
276 2354 330 2417 ira
352 2354 425 2418 Dei.

354 2574 648 2639 *innotescere
673 2585 800 2639 trane.
828 2572 932 2637 Rufin.
957 2573 1042 2654 Orig.
1066 2573 1166 2656 princ.
1190 2573 1248 2654 IV,
1276 2580 1306 2656 l,
1334 2582 1348 2641 l

275 2716 361 2757 nemo
385 2715 461 2770 eam,
485 2715 567 2777 quac
590 2693 653 2755 sibi
674 2693 746 2755 uisa
769 2703 823 2769 eet,
846 2693 1010 2755 ueritatem
1035 2740 1041 2754 .
1066 2742 1073 2757 .
1097 2715 1134 2754 ne
1150 2695 1206 2756 uni
1222 2695 1353 2780 quidem

274 2813 358 2888 qentt'
376 2813 428 2874 ita
445 2812 609 2875 incinuere
632 2823 724 2897 atque
750 2813 940 2876 innotescere
967 2814 1088 2897 potuit,
1118 2822 1154 2875 ut
1176 2812 1222 2876 ad
1244 2837 1353 2880 omnes

275 2930 344 2994 cena
359 2930 490 2994 scientia
507 2930 559 2992 uei
573 2931 739 2995 credulitas
757 2932 949 3014 perueniret,
967 2930 1117 3012 Cassiod„
1135 2930 1290 3012 Liberat„
1307 2935 1351 3002 al.

354 3152 560 3216 innouare:
584 3152 646 3216 (tio.
671 3174 704 3232 a,
729 3152 825 3218 Solin.
849 3173 898 3236 pr.
922 3156 940 3218 5
975 3155 1131 3239 opiniones
1155 3153 1271 3239 otique
1289 3180 1352 3242 po·

277 3273 342 3337 tiae
366 3295 457 3358 qaam
481 3267 641 3352 inundare,
664 3273 749 3337 Tert.
766 3272 838 3337 adu.
856 3271 925 3337 Vel.
943 3276 973 3350 4,
997 3271 1125 3351 Minna,
1142 3272 1222 3355 oig„
1246 3273 1350 3356 Lacu,

250 3416 251 3421 ¹
276 3395 351 3475 Veg.
373 3415 413 3472 ιι,
437 3392 523 3457 Hier.
546 3392 578 3456 in
601 3391 642 3456 Is.
659 3391 734 3456 XVI
757 3391 922 3471 ao58,12
945 3393 1001 3457 abi
1023 3394 1112 3458 iacta
1127 3391 1231 3457 LXX
1250 3395 1352 3458 inter-

271 3519 392 3596 prctcti
423 3532 545 3589 eumue,
579 3533 615 3572 nc
649 3509 728 3594 qaid
759 3513 911 3575 innovare
941 3510 1138 3590 uideremum
1173 3513 1232 3592 al.,'
1246 3503 1349 3596 intpr.

277 3631 361 3712 Orig.
386 3631 418 3695 in
445 3630 559 3696 Maiih.
586 3632 644 3694 143
679 3633 781 3716 macie
803 3632 983 3696 innouabat
1010 3644 1238 3697 monumentum
1269 3619 1350 3697 tono

275 3773 400 3828 nouum,
423 3750 500 3817 (nd.
523 3750 642 3816 Thcod.

224 3993 275 4048 ΜΟ
355 3973 583 4036 innoactio:
614 3972 706 4055 App.⁷
730 3972 824 4050 Tem,
849 3971 928 4036 Mar.
946 3972 1036 4049 vicu,
1066 3973 1153 4040 Hier.
1176 3974 1208 4037 in
1229 3971 1312 4054 Eph.
1332 3975 1349 4039 1

276 4093 318 4156 nd
342 4095 371 4168 2,
397 4093 518 4173 lbsqq.
535 4089 586 4168 nl„
610 4089 713 4173 Vulg.‚
736 4090 838 4155 Rufio.
857 4091 943 4173 Orig.
965 4091 999 4155 in
1022 4092 1220 4173 Rom.1v,t
1244 4093 1348 4155 totius

277 4223 452 4291 creaturae,
475 4210 518 4274 id.
545 4209 656 4273 bened.
681 4209 704 4288 l,
729 4212 747 4272 6
772 4208 812 4272 al.
