2970 4942
558 469 788 530 -147-

219 651 401 733 *corpnm
429 651 452 715 i.
475 655 640 716 contextus
662 651 901 732 conscriptionis
923 653 1011 736 (opp.
1035 653 1204 718 annotatio

141 768 338 851 marginalis)
365 768 452 834 Hier.
475 788 524 851 cp.
551 770 620 848 106,
643 772 684 834 46
717 770 833 848 miror,
868 769 1018 854 momodo
1054 794 1074 834 a
1108 769 1206 834 latere

143 887 372 951 annotationem
398 897 538 951 nostram
565 887 762 977 nescioquis
791 888 978 951 temerarius
1006 885 1204 951 scribendam

130 1004 177 1080 ,in
199 1025 326 1088 corpora
344 1006 508 1090 putauerit
530 1052 538 1068 .
562 1051 570 1067 .
593 1002 686 1083 uude,
709 1005 743 1069 si
760 1003 841 1090 quid
858 1027 917 1090 pro
936 1003 1040 1070 studio
1063 1027 1084 1068 a
1106 1005 1204 1072 latera

142 1119 295 1185 additum
309 1132 363 1202 est,
386 1142 447 1185 non
468 1120 557 1185 debet
575 1123 654 1207 poni
675 1123 707 1185 in
730 1144 866 1206 corpore.

218 1288 540 1373 *corpusculum
563 1310 692 1373 prorsus
708 1291 730 1354 i.
748 1310 863 1375 corpur
875 1291 972 1371 Hier„
990 1292 1204 1362 clintonia

138 1430 172 1491 p.
194 1408 257 1473 434
284 1407 369 1494 quod
396 1456 404 1472 .
432 1457 439 1471 .
468 1408 551 1472 m'lil
573 1407 663 1473 aliud
684 1411 911 1495 quaerat‚·nisi
932 1409 1083 1496 quomodo
1103 1414 1205 1498 possit

139 1551 292 1614 oryanum
320 1529 378 1592 sui
401 1530 583 1614 corpusculi
606 1540 812 1594 sustentare.
838 1579 845 1596 .
869 1529 954 1615 quod
972 1531 1095 1594 nullam
1116 1529 1205 1596 utili-

140 1660 234 1712 tctem
247 1627 358 1711 anima
373 1669 410 1712 ea
425 1648 595 1734 refectione
608 1649 790 1734 corpusculi
799 1651 917 1735 capiat,
932 1648 1006 1714 adu.
1018 1647 1164 1732 Vigilanl.
1172 1650 1204 1727 4,

139 1772 174 1830 et
194 1765 241 1829 ita
263 1785 349 1849 saep.
373 1766 464 1853 (nanc
487 1787 557 1831 curn
579 1770 763 1848 contemptu
791 1766 931 1849 quodam
954 1786 1128 1851 corporeae
1150 1787 1205 1830 na·
1311 1805 1313 1810 ,

138 1886 254 1966 turae),
278 1883 380 1950 Rufin.
405 1885 436 1948 h.
458 1905 541 1950 mon.
567 1886 615 1962 10,
642 1922 678 1931 -
703 1884 859 1950 Adaman.
879 1884 956 1950 loco.
972 1890 1088 1952 sancti.
1104 1886 1146 1962 ΙΙ,
1165 1885 1203 1948 13

139 2002 178 2066 dc
201 2001 304 2067 eodem
331 2003 473 2088 sepulcro
496 2001 646 2087 quomodo
670 2053 676 2067 .
702 2050 709 2066 .
733 2014 873 2067 sanctum
897 2003 1114 2088 corpusculum
1136 2003 1203 2067 eius

137 2123 181 2186 sit
209 2123 367 2186 sublatum
415 2121 462 2186 cf.
490 2121 802 2204 ap.Adaman.uit.
826 2121 1017 2222 Gol.11,20
1047 2133 1121 2208 post
1143 2121 1203 2186 ali·
1318 2193 1320 2196 ,

137 2251 289 2323 quantum
312 2239 559 2304 diecularum
582 2241 795 2304 interuallum.

215 2407 503 2490 conationalltsr
529 2425 607 2489 Mar.
632 2424 728 2491 vica:
759 2426 802 2506 A;
836 2425 899 2491 adi.
929 2446 994 2491 non
1027 2434 1200 2514 comparet,

135 2542 393 2609 corrationalitas
416 2543 496 2626 Aug.
599 2611 603 2620 ,

73 2721 135 2761 1100
215 2696 429 2766 correctio:
461 2697 503 2761 al.
533 2697 619 2762 Hier.
643 2717 693 2781 cp.
719 2700 830 2776 121,7
865 2699 903 2763 cle
925 2701 1086 2766 erroribus
1108 2749 1116 2766 .
1140 2749 1148 2766 .
1171 2715 1202 2769 et

68 2907 72 2913 1
135 2814 175 2878 cle
207 2817 300 2880 uitiis
334 2863 341 2880 .
371 2863 379 2878 .
414 2816 585 2879 transitum
618 2815 663 2879 ad
691 2820 908 2883 correctionem
937 2833 1030 2906 atquc
1058 2822 1200 2901 uirtutes,

112 2931 237 3016 'Vulg.‚
262 2931 395 3015 [Rufin]
419 2933 452 2996 in
475 2932 527 2998 Oa.
551 2934 566 2999 1
594 2934 637 2998 ad
659 2937 689 3014 2,
715 2937 837 3018 lisqq.
860 2939 1091 3018 correctionem,
1122 2961 1202 3025 quae
1313 2942 1319 2947 ’

133 3065 214 3116 essct
233 3053 338 3138 plenu,
361 3052 514 3139 sigmauit,
537 3052 595 3118 Iul.
612 3073 663 3137 ap.
680 3053 761 3136 Aug.
783 3075 810 3119 c.
833 3075 894 3120 acc.
915 3075 998 3139 resp.
1014 3056 1073 3121 Iul.
1089 3055 1130 3138 II,
1147 3058 1197 3121 92.

212 3221 524 3286 corrccumlerc:
547 3221 642 3301 Tcrt.‚
666 3221 745 3306 Aug.
768 3243 861 3288 sarm.
885 3223 958 3308 307,
982 3226 997 3288 l
1023 3181 1124 3292 entr.¹

210 3389 422 3474 curtalem:
450 3405 531 3473 Mar.
558 3405 655 3472 Marc.
684 3427 795 3492 expos.
823 3407 878 3472 fid.
901 3407 1020 3475 Theod.
1043 3411 1063 3474 6
1098 3432 1199 3476 come·

124 3525 239 3612 fertur
261 3527 335 3610 (nisi
356 3525 529 3592 scribcnd.:
556 3525 739 3608 cocffcrtur)
762 3538 827 3591 tam
848 3528 1081 3612 nuncupatione
1103 3551 1197 3613 quom

130 3644 246 3710 honore
273 3656 302 3708 ct
323 3645 406 3744 Filii
432 3657 461 3710 ct
488 3645 620 3711 Domini
623 3669 635 3726 ‚·
676 3679 714 3694 -··
754 3644 922 3712 correlatio
952 3644 1048 3711 Beda
1073 3645 1196 3727 (Quich.

131 3783 156 3827 a.
180 3766 235 3848 u.).

211 3915 510 4001 conregionalis:
533 3916 623 3997 Aug„
646 3915 726 3981 Mar.
748 3912 845 3982 Mero.
868 3911 1001 3980 Subnot
1024 3915 1054 3994 4,
1079 3916 1109 3979 2.
1145 3943 1149 3952 ·

209 4089 408 4184 tollemur:
436 4099 468 4166 S.
497 4101 529 4166 S.
559 4099 656 4167 Hebr.
686 4101 751 4182 (12,
782 4101 815 4181 9)
843 4118 895 4183 ap.
919 4096 1016 4181 Vigil.
1045 4099 1139 4182 Tapa.
1167 4119 1195 4164 o

131 4217 293 4282 Varimad.
310 4217 401 4299 111,5
424 4217 561 4283 lzomuus
584 4218 711 4306 quidem
732 4229 857 4283 nostrae
880 4218 984 4282 carnis
1006 4216 1195 4284 habebamus

946 4334 993 4389 10·
1058 4362 1061 4368 ·
