2970 4936
715 459 754 468 -
799 421 861 485 ms
915 456 945 468 --

299 628 362 673 non
384 607 510 674 incussa
530 607 772 690 temptamina«,
794 607 1013 674 clanculus
1034 608 1127 674 Aldh.
1148 610 1291 694 Septen.
1318 611 1381 677 col.

301 730 362 792 169
378 726 420 792 Μ.
441 724 596 793 ‘clanculo
614 727 717 792 cordis
733 726 898 810 cogitatu,
922 727 964 792 id.
989 728 1074 794 land.
1098 729 1180 811 uirg.
1204 732 1251 794 44
1275 727 1378 796 ‘alan

298 845 377 911 culis
394 845 538 912 latebris’
557 844 598 910 al.
616 845 713 930 (unde
736 845 823 910 adu.
839 845 981 911 clanculo
998 848 1090 931 App,
1114 847 1226 927 Maon,
1257 853 1383 931 Amm,

298 967 376 1048 Aug.
400 1004 437 1013 -
460 964 498 1032 cf.
515 965 643 1031 Freund
658 964 733 1030 Lex.
750 985 773 1029 a.
791 985 821 1029 u.
845 1004 886 1014 -
909 971 941 1030 et
963 964 1104 1031 clancule
1125 966 1222 1050 gloss.
1240 968 1382 1053 Vatia),

298 1089 331 1149 et
352 1085 413 1151 hoc
434 1105 531 1168 genus
555 1084 635 1150 alios
657 1084 785 1168 linguae
808 1085 859 1150 uel
882 1085 988 1167 potius
1011 1086 1208 1186 loquentium
1233 1109 1381 1156 errores.

375 1299 627 1381 introcludens:
661 1295 737 1379 [aa.
761 1317 826 1382 orn.
850 1323 946 1381 creat.
970 1320 1000 1395 4,
1026 1321 1040 1379 1
1070 1341 1110 1382 aa
1134 1318 1298 1403 (coelum)
1333 1325 1385 1387 cii·

299 1448 377 1501 testa
399 1439 453 1502 oni
476 1435 679 1502 introclusam
701 1451 876 1500 creaturam
895 1435 1159 1535 uadimonium,
1184 1438 1226 1521 gl.
1246 1439 1382 1508 Philox.

298 1557 503 1639 &praecelsius
526 1555 734 1641 (introclusus
756 1558 834 1638 Agg.
859 1556 963 1640 Vrb.).

375 1771 669 1836 *introduceret
698 1794 725 1854 q.
755 1770 921 1836 instituere
944 1771 1109 1854 (anleiten)
1137 1791 1188 1836 an.
1212 1773 1250 1837 in
1275 1775 1339 1842 Iob
1364 1776 1380 1838 l

297 1913 328 1974 p.
352 1892 391 1955 95
416 1913 491 1975 qnos
515 1904 549 1953 nt
573 1891 705 1954 inuicem
728 1913 760 1952 so
784 1888 946 1967 diiiparant
968 1889 1187 1956 introducenti.

374 2114 701 2213 intromisimus:
737 2127 821 2192 sert.
857 2128 932 2195 acu.
961 2128 1057 2194 nare.
1084 2128 1143 2208 111,
1168 2131 1206 2193 m
1249 2134 1374 2220 apsa

298 2300 305 2314 .
329 2301 336 2315 .
361 2253 458 2314 etiam
490 2252 595 2336 ipsum
624 2251 846 2326 introprassnm
875 2260 966 2336 atque
997 2250 1160 2313 decursum
1189 2256 1369 2320 necationis

297 2374 331 2434 in
354 2373 495 2435 nationes
520 2418 527 2433 .
551 2417 569 2447 .,
596 2393 656 2433 non
677 2371 709 2432 in
726 2369 914 2454 proselytae.

374 2557 569 2667 introilum:
597 2600 696 2666 subet.
720 2599 799 2666 Nou.
824 2620 906 2664 uera.
931 2601 1014 2684 unlg.
1035 2603 1102 2678 139,
1128 2606 1142 2664 l
1168 2608 1252 2666 nullo
1277 2605 1374 2670 modo

295 2726 399 2809 protis
423 2721 595 2807 supendere
616 2724 730 2786 milites
753 2746 773 2782 a
796 2722 994 2785 collatoribus
1021 2771 1027 2786 .
1052 2770 1058 2784 .
1086 2722 1294 2787 introitorum
1318 2751 1376 2792 no-

296 2844 384 2922 mine,
402 2866 532 2928 quornm
547 2843 641 2906 ctiam
657 2845 762 2926 ipsum
778 2841 964 2906 uocabulum
976 2843 1159 2926 perimimus
1179 2840 1230 2923 (of.
1248 2843 1371 2911 Iulian.

297 2965 371 3047 epit.
395 2963 474 3028 Non.
501 2964 583 3050 123).

244 3199 297 3238 scic
375 3178 555 3241 intuitio:
586 3175 669 3240 Tert.
694 3175 767 3240 adu.
793 3174 917 3240 Valent.
940 3175 980 3240 33
1009 3197 1097 3260 qnae,
1127 3198 1162 3236 nc
1187 3173 1295 3238 ordini
1318 3179 1375 3242 ob-

296 3307 478 3380 streperent,
502 3307 530 3358 et
552 3298 675 3360 lectoris
699 3297 894 3359 intuitionem
917 3294 977 3377 (ita
999 3293 1102 3370 sodli,
1126 3330 1166 3341 -
1190 3293 1238 3357 ed.
1263 3295 1373 3362 inten-

296 3416 427 3498 tionem)
456 3417 663 3479 interiootione
696 3416 930 3499 disparperent,
965 3413 1044 3476 tnnc
1077 3407 1177 3478 malni
1200 3415 1234 3476 in
1265 3415 1373 3482 locum

297 3536 470 3614 distulisse,
506 3535 607 3599 Rufio.
639 3534 770 3617 Pamph.
805 3555 863 3616 pro
892 3533 976 3615 Orig.
1008 3555 1038 3616 p.
1063 3533 1124 3596 322
1156 3558 1225 3598 cnm
1261 3540 1373 3618 (mens

295 3659 419 3741 nostra)
442 3655 487 3721 ad
507 3658 694 3742 incorporea
716 3657 841 3736 nititur,
866 3667 956 3742 atque
980 3678 1085 3719 eornm
1102 3655 1306 3719 intuitionem
1323 3661 1372 3722 ri-

296 3789 410 3856 matur,
432 3775 476 3840 id.
494 3777 580 3860 Orig.
604 3777 635 3840 in
659 3776 735 3852 Gen.
753 3776 784 3846 h.
811 3779 837 3855 l,
861 3779 879 3838 7
903 3780 936 3840 et
956 3773 1062 3840 in'PS.
1079 3775 1118 3839 37
1143 3773 1172 3838 h.
1199 3779 1226 3852 1,
1251 3777 1315 3841 28.
1334 3776 1370 3859 f.,

295 3898 391 3979 intpr.
417 3895 509 3974 Iron,
533 3895 674 3961 Chalcid.
1426 3891 1428 3895 ’

373 4111 562 4175 intuitus:
589 4134 698 4196 pass.
731 4110 834 4174 Rufin.
858 4108 991 4192 Pamph.
1014 4129 1074 4191 pro
1097 4108 1182 4190 Orig.
1206 4109 1226 4172 3
1251 4110 1297 4175 in.
1322 4116 1369 4177 iu-

297 4232 387 4295 tuitis
412 4239 565 4296 creaturis
590 4239 654 4294 eins
677 4231 866 4308 nisibiiibns‚
889 4229 943 4293 inf.
966 4230 1081 4295 intueri
1103 4249 1187 4312 pesa.
1213 4231 1324 4298 Amm.
