<?xml version="1.0" encoding="UTF-8"?>
<!DOCTYPE html PUBLIC "-//W3C//DTD XHTML 1.0 Transitional//EN"
    "http://www.w3.org/TR/xhtml1/DTD/xhtml1-transitional.dtd">
<html xmlns="http://www.w3.org/1999/xhtml" xml:lang="en" lang="en">
 <head>
  <title>
</title>
<meta http-equiv="Content-Type" content="text/html;charset=utf-8" />
  <meta name='ocr-system' content='tesseract 3.04.00' />
  <meta name='ocr-capabilities' content='ocr_page ocr_carea ocr_par ocr_line ocrx_word'/>
</head>
<body>
  <div class='ocr_page' id='page_1' title='image "./supplementumlex00paucgoog_0030.png"; bbox 0 0 2940 4936; ppageno 0'>
   <div class='ocr_carea' id='block_1_1' title="bbox 554 400 866 474">
    <p class='ocr_par' dir='ltr' id='par_1_1' title="bbox 554 400 866 474">
     <span class='ocr_line' id='line_1_1' title="bbox 554 400 866 474; baseline 0.013 -3"><span class='ocrx_word' id='word_1_1' title='bbox 554 400 866 474; x_wconf 88' lang='grc' dir='ltr'>-23--Ι</span> 
     </span>
    </p>
   </div>
   <div class='ocr_carea' id='block_1_2' title="bbox 120 592 1190 1272">
    <p class='ocr_par' dir='ltr' id='par_1_2' title="bbox 120 592 1190 1272">
     <span class='ocr_line' id='line_1_2' title="bbox 123 592 1189 678; baseline 0.002 -20"><span class='ocrx_word' id='word_1_2' title='bbox 123 593 199 658; x_wconf 86' lang='lat' dir='ltr'>add.</span> <span class='ocrx_word' id='word_1_3' title='bbox 215 593 341 660; x_wconf 78' lang='lat' dir='ltr'>interim</span> <span class='ocrx_word' id='word_1_4' title='bbox 358 593 444 657; x_wconf 83' lang='lat' dir='ltr'><strong>Hier.</strong></span> <span class='ocrx_word' id='word_1_5' title='bbox 469 593 543 658; x_wconf 88' lang='lat' dir='ltr'>adn.</span> <span class='ocrx_word' id='word_1_6' title='bbox 567 593 665 659; x_wconf 79' lang='lat' dir='ltr'>Lucis.</span> <span class='ocrx_word' id='word_1_7' title='bbox 683 596 701 660; x_wconf 86' lang='lat'>5</span> <span class='ocrx_word' id='word_1_8' title='bbox 725 592 888 660; x_wconf 77' lang='lat' dir='ltr'>altario..</span> <span class='ocrx_word' id='word_1_9' title='bbox 911 614 1006 678; x_wconf 89' lang='lat' dir='ltr'>super</span> <span class='ocrx_word' id='word_1_10' title='bbox 1029 594 1189 675; x_wconf 81' lang='lat' dir='ltr'>allenium,</span> 
     </span>
     <span class='ocr_line' id='line_1_3' title="bbox 121 710 1189 798; baseline 0.004 -22"><span class='ocrx_word' id='word_1_11' title='bbox 121 712 218 777; x_wconf 87' lang='lat' dir='ltr'>inis.</span> <span class='ocrx_word' id='word_1_12' title='bbox 242 710 327 777; x_wconf 93' lang='lat' dir='ltr'>hom.</span> <span class='ocrx_word' id='word_1_13' title='bbox 355 715 382 790; x_wconf 92' lang='grc'>1,</span> <span class='ocrx_word' id='word_1_14' title='bbox 406 714 435 791; x_wconf 88' lang='grc'>4,</span> <span class='ocrx_word' id='word_1_15' title='bbox 467 732 516 795; x_wconf 86' lang='lat' dir='ltr'>ap.</span> <span class='ocrx_word' id='word_1_16' title='bbox 540 714 590 790; x_wconf 85' lang='grc'>52,</span> <span class='ocrx_word' id='word_1_17' title='bbox 618 716 652 775; x_wconf 93' lang='grc'>11</span> <span class='ocrx_word' id='word_1_18' title='bbox 684 712 735 792; x_wconf 80' lang='lat' dir='ltr'>al,</span> <span class='ocrx_word' id='word_1_19' title='bbox 767 712 885 778; x_wconf 84' lang='lat' dir='ltr'>Concil.</span> <span class='ocrx_word' id='word_1_20' title='bbox 910 713 1018 778; x_wconf 82' lang='lat' dir='ltr'><strong>Carth.</strong></span> <span class='ocrx_word' id='word_1_21' title='bbox 1048 717 1090 796; x_wconf 86' lang='lat' dir='ltr'>(a.</span> <span class='ocrx_word' id='word_1_22' title='bbox 1114 715 1189 798; x_wconf 82' lang='lat'>390)</span> 
     </span>
     <span class='ocr_line' id='line_1_4' title="bbox 122 831 1190 916; baseline 0.004 -22"><span class='ocrx_word' id='word_1_23' title='bbox 122 835 152 909; x_wconf 85' lang='grc'>2,</span> <span class='ocrx_word' id='word_1_24' title='bbox 175 853 249 915; x_wconf 87' lang='lat' dir='ltr'><strong>epp.</strong></span> <span class='ocrx_word' id='word_1_25' title='bbox 273 833 353 916; x_wconf 86' lang='lat' dir='ltr'><strong>Lupi</strong></span> <span class='ocrx_word' id='word_1_26' title='bbox 377 838 409 897; x_wconf 86' lang='lat' dir='ltr'>et</span> <span class='ocrx_word' id='word_1_27' title='bbox 431 831 550 915; x_wconf 85' lang='lat' dir='ltr'>Euphr.</span> <span class='ocrx_word' id='word_1_28' title='bbox 575 835 604 913; x_wconf 93' lang='grc'>2,</span> <span class='ocrx_word' id='word_1_29' title='bbox 627 832 703 897; x_wconf 87' lang='lat' dir='ltr'>Arn.</span> <span class='ocrx_word' id='word_1_30' title='bbox 726 834 789 898; x_wconf 92' lang='lat' dir='ltr'>inn.</span> <span class='ocrx_word' id='word_1_31' title='bbox 812 834 845 897; x_wconf 91' lang='lat' dir='ltr'>in</span> <span class='ocrx_word' id='word_1_32' title='bbox 867 854 915 915; x_wconf 85' lang='lat' dir='ltr'>ps.</span> <span class='ocrx_word' id='word_1_33' title='bbox 933 836 983 913; x_wconf 83' lang='grc'>67,</span> <span class='ocrx_word' id='word_1_34' title='bbox 1006 834 1122 916; x_wconf 83' lang='lat' dir='ltr'>Euagr.</span> <span class='ocrx_word' id='word_1_35' title='bbox 1146 833 1190 898; x_wconf 85' lang='lat' dir='ltr'>al-</span> 
     </span>
     <span class='ocr_line' id='line_1_5' title="bbox 120 949 1189 1035; baseline 0 -21"><span class='ocrx_word' id='word_1_36' title='bbox 120 957 199 1015; x_wconf 81' lang='lat' dir='ltr'>tero.</span> <span class='ocrx_word' id='word_1_37' title='bbox 223 950 364 1033; x_wconf 89' lang='lat' dir='ltr'>Theoph.</span> <span class='ocrx_word' id='word_1_38' title='bbox 389 955 422 1015; x_wconf 81' lang='lat' dir='ltr'>et</span> <span class='ocrx_word' id='word_1_39' title='bbox 442 949 519 1014; x_wconf 86' lang='lat' dir='ltr'>sim.</span> <span class='ocrx_word' id='word_1_40' title='bbox 543 971 567 1014; x_wconf 89' lang='lat' dir='ltr'>s.</span> <span class='ocrx_word' id='word_1_41' title='bbox 591 949 623 1025; x_wconf 76' lang='lat' dir='ltr'>f,</span> <span class='ocrx_word' id='word_1_42' title='bbox 647 971 732 1015; x_wconf 87' lang='lat' dir='ltr'>exco.</span> <span class='ocrx_word' id='word_1_43' title='bbox 757 950 862 1015; x_wconf 81' lang='lat' dir='ltr'>Vulci.</span> <span class='ocrx_word' id='word_1_44' title='bbox 887 951 927 1017; x_wconf 92' lang='lat' dir='ltr'>da</span> <span class='ocrx_word' id='word_1_45' title='bbox 948 953 1047 1035; x_wconf 87' lang='lat' dir='ltr'>impp.</span> <span class='ocrx_word' id='word_1_46' title='bbox 1065 953 1114 1031; x_wconf 83' lang='lat'>83,</span> <span class='ocrx_word' id='word_1_47' title='bbox 1137 950 1189 1016; x_wconf 87' lang='lat' dir='ltr'>Ps.</span> 
     </span>
     <span class='ocr_line' id='line_1_6' title="bbox 121 1067 1188 1153; baseline 0 -19"><span class='ocrx_word' id='word_1_48' title='bbox 121 1069 217 1153; x_wconf 84' lang='lat' dir='ltr'>Cypr.</span> <span class='ocrx_word' id='word_1_49' title='bbox 241 1069 284 1134; x_wconf 92' lang='lat' dir='ltr'>ad</span> <span class='ocrx_word' id='word_1_50' title='bbox 307 1067 399 1152; x_wconf 77' lang='lat' dir='ltr'>vigil.</span> <span class='ocrx_word' id='word_1_51' title='bbox 425 1070 455 1144; x_wconf 87' lang='lat'>9,</span> <span class='ocrx_word' id='word_1_52' title='bbox 486 1068 563 1151; x_wconf 83' lang='lat' dir='ltr'>sing.</span> <span class='ocrx_word' id='word_1_53' title='bbox 587 1067 661 1132; x_wconf 84' lang='lat' dir='ltr'>cler.</span> <span class='ocrx_word' id='word_1_54' title='bbox 684 1070 724 1134; x_wconf 89' lang='lat'>38</span> <span class='ocrx_word' id='word_1_55' title='bbox 754 1069 912 1152; x_wconf 81' lang='lat' dir='ltr'>(altariis),</span> <span class='ocrx_word' id='word_1_56' title='bbox 943 1069 1018 1136; x_wconf 90' lang='lat' dir='ltr'>Isid.</span> <span class='ocrx_word' id='word_1_57' title='bbox 1043 1091 1091 1153; x_wconf 88' lang='lat' dir='ltr'>ep.</span> <span class='ocrx_word' id='word_1_58' title='bbox 1120 1075 1145 1148; x_wconf 91' lang='lat' dir='ltr'>l,</span> <span class='ocrx_word' id='word_1_59' title='bbox 1170 1073 1188 1134; x_wconf 81' lang='lat'><strong>7</strong></span> 
     </span>
     <span class='ocr_line' id='line_1_7' title="bbox 121 1186 737 1272; baseline -0.005 -20"><span class='ocrx_word' id='word_1_60' title='bbox 121 1187 193 1272; x_wconf 86' lang='lat' dir='ltr'>(sed</span> <span class='ocrx_word' id='word_1_61' title='bbox 214 1187 257 1254; x_wconf 92' lang='lat' dir='ltr'>ib.</span> <span class='ocrx_word' id='word_1_62' title='bbox 283 1191 318 1251; x_wconf 98' lang='grc'>11</span> <span class='ocrx_word' id='word_1_63' title='bbox 344 1187 471 1270; x_wconf 84' lang='lat' dir='ltr'>altare).</span> <span class='ocrx_word' id='word_1_64' title='bbox 514 1186 560 1253; x_wconf 87' lang='lat' dir='ltr'>Of.</span> <span class='ocrx_word' id='word_1_65' title='bbox 587 1189 678 1252; x_wconf 81' lang='lat'><strong>1797.</strong></span> <span class='ocrx_word' id='word_1_66' title='bbox 735 1221 737 1224; x_wconf 95' lang='lat'>·</span> 
     </span>
    </p>
   </div>
   <div class='ocr_carea' id='block_1_3' title="bbox 118 1339 1186 1541">
    <p class='ocr_par' dir='ltr' id='par_1_3' title="bbox 118 1339 1186 1541">
     <span class='ocr_line' id='line_1_8' title="bbox 200 1339 1186 1424; baseline 0.001 -20"><span class='ocrx_word' id='word_1_67' title='bbox 200 1341 410 1405; x_wconf 80' lang='lat' dir='ltr'>alteritus:</span> <span class='ocrx_word' id='word_1_68' title='bbox 440 1339 520 1405; x_wconf 80' lang='lat' dir='ltr'>Mar.</span> <span class='ocrx_word' id='word_1_69' title='bbox 545 1339 697 1405; x_wconf 80' lang='lat' dir='ltr'>Victorin.</span> <span class='ocrx_word' id='word_1_70' title='bbox 721 1341 793 1406; x_wconf 84' lang='lat' dir='ltr'>adu.</span> <span class='ocrx_word' id='word_1_71' title='bbox 818 1341 928 1406; x_wconf 88' lang='lat' dir='ltr'>Arium</span> <span class='ocrx_word' id='word_1_72' title='bbox 952 1343 976 1421; x_wconf 93' lang='grc' dir='ltr'>Ῑ,</span> <span class='ocrx_word' id='word_1_73' title='bbox 1001 1344 1051 1424; x_wconf 90' lang='grc'>23,</span> <span class='ocrx_word' id='word_1_74' title='bbox 1075 1341 1186 1407; x_wconf 80' lang='lat' dir='ltr'>Boelh.</span> 
     </span>
     <span class='ocr_line' id='line_1_9' title="bbox 118 1457 592 1541; baseline 0.002 -18"><span class='ocrx_word' id='word_1_75' title='bbox 118 1458 211 1541; x_wconf 72' lang='lat' dir='ltr'>freq,</span> <span class='ocrx_word' id='word_1_76' title='bbox 234 1457 332 1538; x_wconf 86' lang='lat' dir='ltr'>Beda,</span> <span class='ocrx_word' id='word_1_77' title='bbox 359 1459 415 1523; x_wconf 91' lang='lat' dir='ltr'>Th.</span> <span class='ocrx_word' id='word_1_78' title='bbox 439 1478 512 1523; x_wconf 90' lang='lat' dir='ltr'>nou.</span> <span class='ocrx_word' id='word_1_79' title='bbox 537 1457 592 1524; x_wconf 77' lang='lat' dir='ltr'>lai.</span> 
     </span>
    </p>
   </div>
   <div class='ocr_carea' id='block_1_4' title="bbox 197 1593 1051 1713">
    <p class='ocr_par' dir='ltr' id='par_1_4' title="bbox 197 1593 1051 1713">
     <span class='ocr_line' id='line_1_10' title="bbox 197 1593 1051 1713; baseline 0.005 -22"><span class='ocrx_word' id='word_1_80' title='bbox 197 1609 452 1713; x_wconf 78' lang='lat' dir='ltr'>altcrnllcltas:</span> <span class='ocrx_word' id='word_1_81' title='bbox 484 1627 574 1694; x_wconf 76' lang='lat' dir='ltr'>Thes.</span> <span class='ocrx_word' id='word_1_82' title='bbox 599 1593 671 1694; x_wconf 74' lang='lat' dir='ltr'>nou.</span> <span class='ocrx_word' id='word_1_83' title='bbox 693 1627 749 1694; x_wconf 75' lang='lat' dir='ltr'>lat.</span> <span class='ocrx_word' id='word_1_84' title='bbox 773 1649 805 1713; x_wconf 72' lang='lat' dir='ltr'>p.</span> <span class='ocrx_word' id='word_1_85' title='bbox 831 1631 901 1710; x_wconf 82' lang='lat'>177,</span> <span class='ocrx_word' id='word_1_86' title='bbox 925 1631 983 1694; x_wconf 80' lang='lat'>291</span> <span class='ocrx_word' id='word_1_87' title='bbox 1010 1628 1051 1696; x_wconf 80' lang='lat' dir='ltr'>al.</span> 
     </span>
    </p>
   </div>
   <div class='ocr_carea' id='block_1_5' title="bbox 106 1781 1258 4149">
    <p class='ocr_par' dir='ltr' id='par_1_5' title="bbox 106 1781 1258 4149">
     <span class='ocr_line' id='line_1_11' title="bbox 196 1781 1186 1881; baseline 0.004 -20"><span class='ocrx_word' id='word_1_88' title='bbox 196 1781 408 1863; x_wconf 52' lang='lat' dir='ltr'>*aldermon</span> <span class='ocrx_word' id='word_1_89' title='bbox 438 1798 569 1863; x_wconf 81' lang='lat' dir='ltr'>instar</span> <span class='ocrx_word' id='word_1_90' title='bbox 594 1798 790 1881; x_wconf 88' lang='lat' dir='ltr'>pronominis</span> <span class='ocrx_word' id='word_1_91' title='bbox 820 1798 974 1881; x_wconf 80' lang='lat' dir='ltr'>reciproci</span> <span class='ocrx_word' id='word_1_92' title='bbox 1002 1818 1100 1880; x_wconf 78' lang='lat' dir='ltr'>rece,</span> <span class='ocrx_word' id='word_1_93' title='bbox 1130 1799 1186 1865; x_wconf 91' lang='lat' dir='ltr'>sed</span> 
     </span>
     <span class='ocr_line' id='line_1_12' title="bbox 117 1916 1184 2004; baseline 0.004 -24"><span class='ocrx_word' id='word_1_94' title='bbox 117 1916 233 2000; x_wconf 89' lang='lat' dir='ltr'>primo,</span> <span class='ocrx_word' id='word_1_95' title='bbox 256 1921 293 1981; x_wconf 80' lang='lat' dir='ltr'>nt</span> <span class='ocrx_word' id='word_1_96' title='bbox 308 1916 444 1996; x_wconf 79' lang='lat' dir='ltr'>uidetur,</span> <span class='ocrx_word' id='word_1_97' title='bbox 467 1917 514 1998; x_wconf 80' lang='lat' dir='ltr'>ita</span> <span class='ocrx_word' id='word_1_98' title='bbox 530 1917 707 1995; x_wconf 81' lang='lat' dir='ltr'>dumtaxat,</span> <span class='ocrx_word' id='word_1_99' title='bbox 730 1921 767 1982; x_wconf 78' lang='lat' dir='ltr'>ul</span> <span class='ocrx_word' id='word_1_100' title='bbox 788 1916 1000 1983; x_wconf 83' lang='lat' dir='ltr'>alterutrum</span> <span class='ocrx_word' id='word_1_101' title='bbox 1024 1920 1068 2004; x_wconf 87' lang='lat' dir='ltr'>(q.</span> <span class='ocrx_word' id='word_1_102' title='bbox 1085 1924 1184 1984; x_wconf 84' lang='lat' dir='ltr'>contr.</span> 
     </span>
     <span class='ocr_line' id='line_1_13' title="bbox 118 2035 1185 2121; baseline 0 -20"><span class='ocrx_word' id='word_1_103' title='bbox 118 2057 158 2101; x_wconf 87' lang='lat' dir='ltr'>ex</span> <span class='ocrx_word' id='word_1_104' title='bbox 189 2036 271 2102; x_wconf 82' lang='lat' dir='ltr'>alter</span> <span class='ocrx_word' id='word_1_105' title='bbox 298 2037 447 2119; x_wconf 82' lang='lat' dir='ltr'>allorum)</span> <span class='ocrx_word' id='word_1_106' title='bbox 476 2040 560 2101; x_wconf 78' lang='lat' dir='ltr'>essct</span> <span class='ocrx_word' id='word_1_107' title='bbox 590 2041 742 2120; x_wconf 78' lang='lat' dir='ltr'>tanquam</span> <span class='ocrx_word' id='word_1_108' title='bbox 773 2035 995 2102; x_wconf 80' lang='lat' dir='ltr'>indeclinabile</span> <span class='ocrx_word' id='word_1_109' title='bbox 1023 2035 1185 2121; x_wconf 83' lang='lat' dir='ltr'>quoddam</span> 
     </span>
     <span class='ocr_line' id='line_1_14' title="bbox 116 2131 1186 2242; baseline -0.001 -22"><span class='ocrx_word' id='word_1_110' title='bbox 116 2176 177 2239; x_wconf 88' lang='lat' dir='ltr'>pro</span> <span class='ocrx_word' id='word_1_111' title='bbox 200 2155 314 2238; x_wconf 91' lang='lat' dir='ltr'>quouis</span> <span class='ocrx_word' id='word_1_112' title='bbox 337 2155 404 2220; x_wconf 88' lang='lat' dir='ltr'>fere</span> <span class='ocrx_word' id='word_1_113' title='bbox 426 2175 517 2221; x_wconf 89' lang='lat' dir='ltr'>casn:</span> <span class='ocrx_word' id='word_1_114' title='bbox 541 2131 654 2238; x_wconf 45' lang='lat' dir='ltr'>Hygini</span> <span class='ocrx_word' id='word_1_115' title='bbox 679 2155 807 2219; x_wconf 76' lang='lat' dir='ltr'>munit.</span> <span class='ocrx_word' id='word_1_116' title='bbox 825 2159 919 2219; x_wconf 82' lang='lat' dir='ltr'>castr.</span> <span class='ocrx_word' id='word_1_117' title='bbox 935 2156 996 2219; x_wconf 80' lang='lat'>43«</span> <span class='ocrx_word' id='word_1_118' title='bbox 1021 2178 1076 2221; x_wconf 81' lang='lat' dir='ltr'>nco</span> <span class='ocrx_word' id='word_1_119' title='bbox 1098 2159 1186 2242; x_wconf 65' lang='lat' dir='ltr'>looye</span> 
     </span>
     <span class='ocr_line' id='line_1_15' title="bbox 118 2273 1184 2358; baseline 0.001 -20"><span class='ocrx_word' id='word_1_120' title='bbox 118 2276 158 2338; x_wconf 84' lang='lat' dir='ltr'>ab</span> <span class='ocrx_word' id='word_1_121' title='bbox 183 2274 380 2354; x_wconf 80' lang='lat' dir='ltr'>alterutrum,</span> <span class='ocrx_word' id='word_1_122' title='bbox 403 2273 435 2339; x_wconf 86' lang='lat' dir='ltr'>S.</span> <span class='ocrx_word' id='word_1_123' title='bbox 460 2273 490 2338; x_wconf 86' lang='lat' dir='ltr'>S.</span> <span class='ocrx_word' id='word_1_124' title='bbox 518 2277 580 2340; x_wconf 68' lang='lat' dir='ltr'>olo.</span> <span class='ocrx_word' id='word_1_125' title='bbox 606 2275 656 2352; x_wconf 90' lang='grc'>13,</span> <span class='ocrx_word' id='word_1_126' title='bbox 683 2275 722 2337; x_wconf 83' lang='lat'>14</span> <span class='ocrx_word' id='word_1_127' title='bbox 744 2293 796 2356; x_wconf 87' lang='lat' dir='ltr'>ap.</span> <span class='ocrx_word' id='word_1_128' title='bbox 819 2273 923 2338; x_wconf 83' lang='lat' dir='ltr'>Rufin.</span> <span class='ocrx_word' id='word_1_129' title='bbox 948 2273 1034 2358; x_wconf 85' lang='lat' dir='ltr'>Orig.</span> <span class='ocrx_word' id='word_1_130' title='bbox 1057 2275 1090 2339; x_wconf 93' lang='lat' dir='ltr'>in</span> <span class='ocrx_word' id='word_1_131' title='bbox 1114 2275 1184 2341; x_wconf 95' lang='lat' dir='ltr'>Ind.</span> 
     </span>
     <span class='ocr_line' id='line_1_16' title="bbox 117 2390 1184 2478; baseline 0.004 -23"><span class='ocrx_word' id='word_1_132' title='bbox 117 2391 149 2456; x_wconf 94' lang='lat' dir='ltr'>h.</span> <span class='ocrx_word' id='word_1_133' title='bbox 174 2393 203 2469; x_wconf 91' lang='grc'>8,</span> <span class='ocrx_word' id='word_1_134' title='bbox 229 2395 265 2458; x_wconf 80' lang='lat'>5«</span> <span class='ocrx_word' id='word_1_135' title='bbox 296 2404 324 2456; x_wconf 83' lang='lat' dir='ltr'>el</span> <span class='ocrx_word' id='word_1_136' title='bbox 346 2415 402 2457; x_wconf 77' lang='lat' dir='ltr'>coc</span> <span class='ocrx_word' id='word_1_137' title='bbox 418 2392 617 2456; x_wconf 77' lang='lat' dir='ltr'>ulterutram</span> <span class='ocrx_word' id='word_1_138' title='bbox 641 2390 741 2478; x_wconf 83' lang='lat' dir='ltr'>peden</span> <span class='ocrx_word' id='word_1_139' title='bbox 765 2393 871 2458; x_wconf 78' lang='lat' dir='ltr'>inuata</span> <span class='ocrx_word' id='word_1_140' title='bbox 893 2396 926 2459; x_wconf 81' lang='lat' dir='ltr'>ei</span> <span class='ocrx_word' id='word_1_141' title='bbox 948 2413 999 2477; x_wconf 84' lang='lat' dir='ltr'>ap.</span> <span class='ocrx_word' id='word_1_142' title='bbox 1019 2394 1113 2477; x_wconf 86' lang='lat' dir='ltr'>prr.</span> <span class='ocrx_word' id='word_1_143' title='bbox 1138 2397 1184 2459; x_wconf 83' lang='lat' dir='ltr'>le·</span> 
     </span>
     <span class='ocr_line' id='line_1_17' title="bbox 118 2510 1258 2599; baseline 0.003 -23"><span class='ocrx_word' id='word_1_144' title='bbox 118 2511 194 2577; x_wconf 82' lang='lat' dir='ltr'>slim</span> <span class='ocrx_word' id='word_1_145' title='bbox 222 2510 279 2591; x_wconf 91' lang='grc' dir='ltr'>ΙΙΙ,</span> <span class='ocrx_word' id='word_1_146' title='bbox 296 2512 337 2576; x_wconf 87' lang='grc'>39</span> <span class='ocrx_word' id='word_1_147' title='bbox 360 2525 389 2574; x_wconf 82' lang='lat' dir='ltr'>ct</span> <span class='ocrx_word' id='word_1_148' title='bbox 410 2535 467 2576; x_wconf 81' lang='lat' dir='ltr'>uos</span> <span class='ocrx_word' id='word_1_149' title='bbox 491 2511 606 2574; x_wconf 75' lang='lat' dir='ltr'>dehetis</span> <span class='ocrx_word' id='word_1_150' title='bbox 629 2513 816 2576; x_wconf 82' lang='lat' dir='ltr'>alterutrum</span> <span class='ocrx_word' id='word_1_151' title='bbox 836 2511 932 2599; x_wconf 79' lang='lat' dir='ltr'>pedes</span> <span class='ocrx_word' id='word_1_152' title='bbox 949 2513 1069 2592; x_wconf 82' lang='lat' dir='ltr'>iuuare,</span> <span class='ocrx_word' id='word_1_153' title='bbox 1094 2512 1183 2578; x_wconf 69' lang='lat' dir='ltr'>,Gal</span> <span class='ocrx_word' id='word_1_154' title='bbox 1257 2587 1258 2590; x_wconf 8' lang='grc' dir='ltr'><strong>Ἴ</strong></span> 
     </span>
     <span class='ocr_line' id='line_1_18' title="bbox 117 2629 1190 2713; baseline 0.004 -19"><span class='ocrx_word' id='word_1_155' title='bbox 117 2632 147 2708; x_wconf 88' lang='grc'>6,</span> <span class='ocrx_word' id='word_1_156' title='bbox 170 2631 189 2694; x_wconf 86' lang='grc'>2</span> <span class='ocrx_word' id='word_1_157' title='bbox 212 2629 257 2694; x_wconf 94' lang='lat' dir='ltr'>ib.</span> <span class='ocrx_word' id='word_1_158' title='bbox 274 2632 331 2706; x_wconf 91' lang='grc'>111,</span> <span class='ocrx_word' id='word_1_159' title='bbox 354 2633 392 2694; x_wconf 80' lang='lat'>9«</span> <span class='ocrx_word' id='word_1_160' title='bbox 418 2635 451 2694; x_wconf 80' lang='lat' dir='ltr'>et</span> <span class='ocrx_word' id='word_1_161' title='bbox 474 2630 558 2696; x_wconf 89' lang='lat' dir='ltr'>Hier.</span> <span class='ocrx_word' id='word_1_162' title='bbox 581 2630 615 2694; x_wconf 92' lang='lat' dir='ltr'>in</span> <span class='ocrx_word' id='word_1_163' title='bbox 638 2629 718 2713; x_wconf 84' lang='lat' dir='ltr'><strong>Eph.</strong></span> <span class='ocrx_word' id='word_1_164' title='bbox 736 2633 765 2696; x_wconf 91' lang='lat' dir='ltr'>ll</span> <span class='ocrx_word' id='word_1_165' title='bbox 788 2630 830 2696; x_wconf 83' lang='lat' dir='ltr'>ad</span> <span class='ocrx_word' id='word_1_166' title='bbox 853 2633 882 2713; x_wconf 87' lang='lat'>4,</span> <span class='ocrx_word' id='word_1_167' title='bbox 906 2633 936 2712; x_wconf 92' lang='grc'>2,</span> <span class='ocrx_word' id='word_1_168' title='bbox 959 2631 1044 2698; x_wconf 83' lang='lat' dir='ltr'>Hier.</span> <span class='ocrx_word' id='word_1_169' title='bbox 1061 2633 1094 2697; x_wconf 90' lang='lat' dir='ltr'>in</span> <span class='ocrx_word' id='word_1_170' title='bbox 1113 2632 1190 2698; x_wconf 86' lang='lat' dir='ltr'>Gal.-</span> 
     </span>
     <span class='ocr_line' id='line_1_19' title="bbox 116 2746 1182 2834; baseline 0.005 -22"><span class='ocrx_word' id='word_1_171' title='bbox 116 2746 165 2812; x_wconf 88' lang='grc' dir='ltr'>ΙΙΙ</span> <span class='ocrx_word' id='word_1_172' title='bbox 186 2748 230 2813; x_wconf 82' lang='lat' dir='ltr'>ad</span> <span class='ocrx_word' id='word_1_173' title='bbox 253 2750 281 2829; x_wconf 94' lang='grc'>6,</span> <span class='ocrx_word' id='word_1_174' title='bbox 306 2752 324 2813; x_wconf 84' lang='grc'>5</span> <span class='ocrx_word' id='word_1_175' title='bbox 355 2751 389 2812; x_wconf 85' lang='lat' dir='ltr'>in</span> <span class='ocrx_word' id='word_1_176' title='bbox 414 2750 581 2834; x_wconf 75' lang='lat' dir='ltr'>praeacuti</span> <span class='ocrx_word' id='word_1_177' title='bbox 606 2751 674 2815; x_wconf 80' lang='lat' dir='ltr'>uita</span> <span class='ocrx_word' id='word_1_178' title='bbox 704 2751 892 2816; x_wconf 75' lang='lat' dir='ltr'>alterutrum</span> <span class='ocrx_word' id='word_1_179' title='bbox 919 2752 1044 2818; x_wconf 72' lang='lat' dir='ltr'>aemilio</span> <span class='ocrx_word' id='word_1_180' title='bbox 1074 2754 1182 2832; x_wconf 77' lang='lat' dir='ltr'>acinus,</span> 
     </span>
     <span class='ocr_line' id='line_1_20' title="bbox 116 2867 1182 2952; baseline 0.007 -22"><span class='ocrx_word' id='word_1_181' title='bbox 116 2867 304 2948; x_wconf 79' lang='lat' dir='ltr'>ep.123,5</span> <span class='ocrx_word' id='word_1_182' title='bbox 334 2872 366 2932; x_wconf 78' lang='lat' dir='ltr'>et</span> <span class='ocrx_word' id='word_1_183' title='bbox 392 2888 490 2951; x_wconf 73' lang='lat' dir='ltr'>saep,</span> <span class='ocrx_word' id='word_1_184' title='bbox 526 2867 628 2952; x_wconf 68' lang='lat' dir='ltr'>Vulg,</span> <span class='ocrx_word' id='word_1_185' title='bbox 662 2873 698 2934; x_wconf 82' lang='lat' dir='ltr'>ul</span> <span class='ocrx_word' id='word_1_186' title='bbox 727 2868 805 2935; x_wconf 83' lang='lat' dir='ltr'>Gon.</span> <span class='ocrx_word' id='word_1_187' title='bbox 831 2871 881 2951; x_wconf 85' lang='lat'>13,</span> <span class='ocrx_word' id='word_1_188' title='bbox 906 2875 955 2950; x_wconf 95' lang='grc'>11,</span> <span class='ocrx_word' id='word_1_189' title='bbox 990 2871 1078 2937; x_wconf 90' lang='lat' dir='ltr'>Oros.</span> <span class='ocrx_word' id='word_1_190' title='bbox 1109 2871 1182 2937; x_wconf 81' lang='lat' dir='ltr'>hist.</span> 
     </span>
     <span class='ocr_line' id='line_1_21' title="bbox 115 2985 1182 3075; baseline 0.005 -26"><span class='ocrx_word' id='word_1_191' title='bbox 115 2985 171 3065; x_wconf 89' lang='grc' dir='ltr'>ΙΙΙ,</span> <span class='ocrx_word' id='word_1_192' title='bbox 194 2986 235 3051; x_wconf 90' lang='grc'>23</span> <span class='ocrx_word' id='word_1_193' title='bbox 268 2985 306 3049; x_wconf 81' lang='lat' dir='ltr'>de</span> <span class='ocrx_word' id='word_1_194' title='bbox 328 2987 501 3072; x_wconf 74' lang='lat' dir='ltr'>eripiendis</span> <span class='ocrx_word' id='word_1_195' title='bbox 524 2989 712 3053; x_wconf 76' lang='lat' dir='ltr'>alterutrum</span> <span class='ocrx_word' id='word_1_196' title='bbox 735 2990 841 3075; x_wconf 70' lang='lat' dir='ltr'>requie</span> <span class='ocrx_word' id='word_1_197' title='bbox 864 3013 1056 3071; x_wconf 80' lang='lat' dir='ltr'>concurrere,</span> <span class='ocrx_word' id='word_1_198' title='bbox 1085 2990 1182 3075; x_wconf 82' lang='lat' dir='ltr'>intpr.</span> 
     </span>
     <span class='ocr_line' id='line_1_22' title="bbox 113 3102 1182 3193; baseline 0.004 -25"><span class='ocrx_word' id='word_1_199' title='bbox 113 3102 201 3186; x_wconf 85' lang='lat' dir='ltr'>Orig.</span> <span class='ocrx_word' id='word_1_200' title='bbox 223 3104 258 3169; x_wconf 91' lang='lat' dir='ltr'>in</span> <span class='ocrx_word' id='word_1_201' title='bbox 280 3105 393 3170; x_wconf 70' lang='lat' dir='ltr'>March.</span> <span class='ocrx_word' id='word_1_202' title='bbox 420 3108 458 3170; x_wconf 90' lang='grc'>12</span> <span class='ocrx_word' id='word_1_203' title='bbox 489 3109 674 3193; x_wconf 81' lang='lat' dir='ltr'>omnesqui</span> <span class='ocrx_word' id='word_1_204' title='bbox 697 3108 755 3171; x_wconf 81' lang='lat' dir='ltr'>sub</span> <span class='ocrx_word' id='word_1_205' title='bbox 781 3130 814 3171; x_wconf 87' lang='lat' dir='ltr'>co</span> <span class='ocrx_word' id='word_1_206' title='bbox 837 3108 932 3192; x_wconf 84' lang='lat' dir='ltr'>(Deo)</span> <span class='ocrx_word' id='word_1_207' title='bbox 962 3123 1035 3173; x_wconf 75' lang='lat' dir='ltr'>cunt</span> <span class='ocrx_word' id='word_1_208' title='bbox 1065 3110 1182 3174; x_wconf 76' lang='lat' dir='ltr'>alieru-</span> 
     </span>
     <span class='ocr_line' id='line_1_23' title="bbox 115 3223 1182 3314; baseline 0.006 -28"><span class='ocrx_word' id='word_1_209' title='bbox 115 3236 198 3288; x_wconf 79' lang='lat' dir='ltr'>trum</span> <span class='ocrx_word' id='word_1_210' title='bbox 228 3237 301 3288; x_wconf 80' lang='lat' dir='ltr'>cunt</span> <span class='ocrx_word' id='word_1_211' title='bbox 326 3223 463 3306; x_wconf 74' lang='lat' dir='ltr'>fraires,</span> <span class='ocrx_word' id='word_1_212' title='bbox 491 3224 531 3289; x_wconf 88' lang='lat'>33</span> <span class='ocrx_word' id='word_1_213' title='bbox 569 3224 652 3290; x_wconf 75' lang='lat' dir='ltr'>iaec</span> <span class='ocrx_word' id='word_1_214' title='bbox 672 3226 860 3290; x_wconf 76' lang='lat' dir='ltr'>alterutrum</span> <span class='ocrx_word' id='word_1_215' title='bbox 889 3249 922 3290; x_wconf 82' lang='lat' dir='ltr'>cc</span> <span class='ocrx_word' id='word_1_216' title='bbox 952 3240 1124 3314; x_wconf 74' lang='lat' dir='ltr'>sequuntur</span> <span class='ocrx_word' id='word_1_217' title='bbox 1154 3240 1182 3292; x_wconf 80' lang='lat' dir='ltr'>et</span> 
     </span>
     <span class='ocr_line' id='line_1_24' title="bbox 113 3344 1183 3431; baseline 0.005 -24"><span class='ocrx_word' id='word_1_218' title='bbox 113 3367 175 3409; x_wconf 82' lang='lat' dir='ltr'>non</span> <span class='ocrx_word' id='word_1_219' title='bbox 204 3358 397 3431; x_wconf 77' lang='lat' dir='ltr'>soporantur</span> <span class='ocrx_word' id='word_1_220' title='bbox 419 3346 459 3409; x_wconf 83' lang='lat' dir='ltr'>ab</span> <span class='ocrx_word' id='word_1_221' title='bbox 484 3345 634 3425; x_wconf 82' lang='lat' dir='ltr'>inuicem,</span> <span class='ocrx_word' id='word_1_222' title='bbox 665 3359 766 3409; x_wconf 78' lang='lat' dir='ltr'>sermo</span> <span class='ocrx_word' id='word_1_223' title='bbox 794 3344 931 3411; x_wconf 79' lang='lat' dir='ltr'>mundns</span> <span class='ocrx_word' id='word_1_224' title='bbox 960 3348 994 3411; x_wconf 86' lang='lat' dir='ltr'>in</span> <span class='ocrx_word' id='word_1_225' title='bbox 1022 3349 1131 3412; x_wconf 79' lang='lat' dir='ltr'>animo</span> <span class='ocrx_word' id='word_1_226' title='bbox 1153 3364 1183 3413; x_wconf 79' lang='lat' dir='ltr'>cl</span> 
     </span>
     <span class='ocr_line' id='line_1_25' title="bbox 113 3463 1182 3555; baseline 0.006 -29"><span class='ocrx_word' id='word_1_227' title='bbox 113 3465 184 3527; x_wconf 83' lang='lat' dir='ltr'>nita</span> <span class='ocrx_word' id='word_1_228' title='bbox 213 3463 509 3549; x_wconf 63' lang='lat' dir='ltr'>irreprehensibilia,</span> <span class='ocrx_word' id='word_1_229' title='bbox 542 3463 580 3528; x_wconf 82' lang='lat' dir='ltr'>ci.</span> <span class='ocrx_word' id='word_1_230' title='bbox 604 3464 655 3544; x_wconf 83' lang='lat'>39,</span> <span class='ocrx_word' id='word_1_231' title='bbox 679 3465 729 3542; x_wconf 93' lang='grc'>63,</span> <span class='ocrx_word' id='word_1_232' title='bbox 759 3463 855 3555; x_wconf 84' lang='lat' dir='ltr'>intpr.</span> <span class='ocrx_word' id='word_1_233' title='bbox 880 3483 973 3529; x_wconf 82' lang='lat' dir='ltr'>anon.</span> <span class='ocrx_word' id='word_1_234' title='bbox 995 3465 1027 3530; x_wconf 90' lang='lat' dir='ltr'>in</span> <span class='ocrx_word' id='word_1_235' title='bbox 1051 3466 1109 3533; x_wconf 91' lang='lat' dir='ltr'>Iob</span> <span class='ocrx_word' id='word_1_236' title='bbox 1133 3467 1182 3532; x_wconf 93' lang='lat' dir='ltr'>III</span> 
     </span>
     <span class='ocr_line' id='line_1_26' title="bbox 112 3563 1180 3669; baseline 0.007 -24"><span class='ocrx_word' id='word_1_237' title='bbox 112 3602 145 3664; x_wconf 85' lang='lat' dir='ltr'>p.</span> <span class='ocrx_word' id='word_1_238' title='bbox 168 3584 231 3649; x_wconf 82' lang='grc'>205</span> <span class='ocrx_word' id='word_1_239' title='bbox 254 3582 330 3647; x_wconf 76' lang='lat' dir='ltr'>iaec</span> <span class='ocrx_word' id='word_1_240' title='bbox 352 3582 397 3648; x_wconf 83' lang='lat' dir='ltr'>cd</span> <span class='ocrx_word' id='word_1_241' title='bbox 417 3582 604 3647; x_wconf 78' lang='lat' dir='ltr'>alterutrum</span> <span class='ocrx_word' id='word_1_242' title='bbox 627 3582 832 3667; x_wconf 75' lang='lat' dir='ltr'>loquebantur</span> <span class='ocrx_word' id='word_1_243' title='bbox 859 3563 929 3666; x_wconf 88' lang='lat' dir='ltr'>(sed</span> <span class='ocrx_word' id='word_1_244' title='bbox 951 3582 1003 3665; x_wconf 82' lang='lat' dir='ltr'>al,</span> <span class='ocrx_word' id='word_1_245' title='bbox 1027 3589 1059 3650; x_wconf 83' lang='lat' dir='ltr'>et</span> <span class='ocrx_word' id='word_1_246' title='bbox 1082 3606 1180 3669; x_wconf 66' lang='lat' dir='ltr'>saep,</span> 
     </span>
     <span class='ocr_line' id='line_1_27' title="bbox 114 3700 1182 3789; baseline 0.006 -25"><span class='ocrx_word' id='word_1_247' title='bbox 114 3702 283 3785; x_wconf 86' lang='lat' dir='ltr'>inuicem);</span> <span class='ocrx_word' id='word_1_248' title='bbox 312 3739 346 3748; x_wconf 89' lang='lat'>—-</span> <span class='ocrx_word' id='word_1_249' title='bbox 376 3701 449 3766; x_wconf 90' lang='lat' dir='ltr'>dein</span> <span class='ocrx_word' id='word_1_250' title='bbox 471 3702 624 3767; x_wconf 84' lang='lat' dir='ltr'>abusione</span> <span class='ocrx_word' id='word_1_251' title='bbox 644 3700 859 3767; x_wconf 76' lang='lat' dir='ltr'>innolescente</span> <span class='ocrx_word' id='word_1_252' title='bbox 882 3702 1036 3769; x_wconf 84' lang='lat' dir='ltr'>alteruter</span> <span class='ocrx_word' id='word_1_253' title='bbox 1057 3704 1104 3769; x_wconf 81' lang='lat' dir='ltr'>ita</span> <span class='ocrx_word' id='word_1_254' title='bbox 1125 3726 1182 3789; x_wconf 89' lang='lat' dir='ltr'>per</span> 
     </span>
     <span class='ocr_line' id='line_1_28' title="bbox 114 3821 1181 3922; baseline 0.002 -34"><span class='ocrx_word' id='word_1_255' title='bbox 114 3841 224 3888; x_wconf 85' lang='lat' dir='ltr'>omnes</span> <span class='ocrx_word' id='word_1_256' title='bbox 246 3841 356 3922; x_wconf 69' lang='lat' dir='ltr'>casus,</span> <span class='ocrx_word' id='word_1_257' title='bbox 385 3821 432 3886; x_wconf 81' lang='lat' dir='ltr'>nii</span> <span class='ocrx_word' id='word_1_258' title='bbox 460 3841 537 3887; x_wconf 87' lang='lat' dir='ltr'>sane</span> <span class='ocrx_word' id='word_1_259' title='bbox 564 3822 629 3888; x_wconf 87' lang='lat' dir='ltr'>iam</span> <span class='ocrx_word' id='word_1_260' title='bbox 655 3821 739 3887; x_wconf 80' lang='lat' dir='ltr'>Ter&#39;l.</span> <span class='ocrx_word' id='word_1_261' title='bbox 766 3821 868 3904; x_wconf 78' lang='lat' dir='ltr'>»apol</span> <span class='ocrx_word' id='word_1_262' title='bbox 891 3822 952 3887; x_wconf 81' lang='lat'>39«</span> <span class='ocrx_word' id='word_1_263' title='bbox 983 3822 1088 3888; x_wconf 82' lang='lat' dir='ltr'>uide.</span> <span class='ocrx_word' id='word_1_264' title='bbox 1115 3873 1122 3888; x_wconf 94' lang='lat'><strong>.</strong></span> <span class='ocrx_word' id='word_1_265' title='bbox 1145 3838 1181 3890; x_wconf 80' lang='lat' dir='ltr'>ut</span> 
     </span>
     <span class='ocr_line' id='line_1_29' title="bbox 106 3941 1192 4028; baseline 0.005 -24"><span class='ocrx_word' id='word_1_266' title='bbox 106 3963 171 4026; x_wconf 77' lang='lat' dir='ltr'>pro</span> <span class='ocrx_word' id='word_1_267' title='bbox 194 3942 348 4006; x_wconf 79' lang='lat' dir='ltr'>alterutro</span> <span class='ocrx_word' id='word_1_268' title='bbox 370 3942 451 4007; x_wconf 77' lang='lat' dir='ltr'>mori</span> <span class='ocrx_word' id='word_1_269' title='bbox 471 3944 536 4006; x_wconf 78' lang='lat' dir='ltr'>sint</span> <span class='ocrx_word' id='word_1_270' title='bbox 550 3943 682 4027; x_wconf 77' lang='lat' dir='ltr'>parati:</span> <span class='ocrx_word' id='word_1_271' title='bbox 710 3943 774 4028; x_wconf 83' lang='lat' dir='ltr'>ipsi</span> <span class='ocrx_word' id='word_1_272' title='bbox 802 3944 884 4006; x_wconf 84' lang='lat' dir='ltr'>anim</span> <span class='ocrx_word' id='word_1_273' title='bbox 907 3941 952 4007; x_wconf 85' lang='lat' dir='ltr'>ad</span> <span class='ocrx_word' id='word_1_274' title='bbox 979 3942 1192 4026; x_wconf 81' lang='lat' dir='ltr'>occidendum</span> 
     </span>
     <span class='ocr_line' id='line_1_30' title="bbox 114 4057 1179 4149; baseline 0.007 -27"><span class='ocrx_word' id='word_1_275' title='bbox 114 4060 304 4125; x_wconf 77' lang='lat' dir='ltr'>alterutrum</span> <span class='ocrx_word' id='word_1_276' title='bbox 323 4061 509 4146; x_wconf 74' lang='lat' dir='ltr'>paratiores</span> <span class='ocrx_word' id='word_1_277' title='bbox 533 4072 637 4142; x_wconf 77' lang='lat' dir='ltr'>erunt,</span> <span class='ocrx_word' id='word_1_278' title='bbox 659 4060 702 4126; x_wconf 85' lang='lat' dir='ltr'>ib.</span> <span class='ocrx_word' id='word_1_279' title='bbox 730 4064 805 4142; x_wconf 82' lang='lat'>»9«,</span> <span class='ocrx_word' id='word_1_280' title='bbox 836 4067 869 4127; x_wconf 77' lang='lat' dir='ltr'>ei</span> <span class='ocrx_word' id='word_1_281' title='bbox 891 4061 954 4129; x_wconf 80' lang='lat' dir='ltr'>adi.</span> <span class='ocrx_word' id='word_1_282' title='bbox 978 4062 1012 4147; x_wconf 86' lang='lat' dir='ltr'>(i.</span> <span class='ocrx_word' id='word_1_283' title='bbox 1035 4057 1179 4149; x_wconf 81' lang='lat' dir='ltr'>mutnus)</span> 
     </span>
    </p>
   </div>
   <div class='ocr_carea' id='block_1_6' title="bbox 112 4179 1180 4268">
    <p class='ocr_par' dir='ltr' id='par_1_6' title="bbox 112 4179 1180 4268">
     <span class='ocr_line' id='line_1_31' title="bbox 112 4179 1180 4268; baseline 0.005 -25"><span class='ocrx_word' id='word_1_284' title='bbox 112 4179 218 4262; x_wconf 87' lang='lat' dir='ltr'>pudic.</span> <span class='ocrx_word' id='word_1_285' title='bbox 244 4182 263 4243; x_wconf 98' lang='grc'>2</span> <span class='ocrx_word' id='word_1_286' title='bbox 288 4184 445 4244; x_wconf 75' lang='lat' dir='ltr'>alterutro</span> <span class='ocrx_word' id='word_1_287' title='bbox 467 4182 642 4267; x_wconf 77' lang='lat' dir='ltr'>oppositio,</span> <span class='ocrx_word' id='word_1_288' title='bbox 665 4180 728 4264; x_wconf 85' lang='lat' dir='ltr'>fug.</span> <span class='ocrx_word' id='word_1_289' title='bbox 751 4186 912 4266; x_wconf 75' lang='lat' dir='ltr'>pemani</span> <span class='ocrx_word' id='word_1_290' title='bbox 940 4181 1124 4268; x_wconf 61' lang='lat' dir='ltr'>diligentia,</span> <span class='ocrx_word' id='word_1_291' title='bbox 1148 4188 1180 4248; x_wconf 82' lang='lat' dir='ltr'>ei</span> 
     </span>
    </p>
   </div>
   <div class='ocr_carea' id='block_1_7' title="bbox 0 0 1474 4936">
    <p class='ocr_par' dir='ltr' id='par_1_7' title="bbox 0 0 1474 4936">
     <span class='ocr_line' id='line_1_32' title="bbox 0 0 1474 4936; baseline 0 3"><span class='ocrx_word' id='word_1_292' title='bbox 0 0 1474 4936; x_wconf 95' lang='lat' dir='ltr'> </span> 
     </span>
    </p>
   </div>
  </div>
 </body>
</html>
