3000 4942
591 430 821 493 0205—

172 597 284 700 p‘osoit
308 621 349 676 ad
371 614 523 698 oripimm
545 621 721 679 reuocanda
743 625 797 692 est,
820 611 954 677 Primae.
975 613 1008 676 in
1032 615 1131 695 Apoo.
1147 613 1190 694 ΙΙ,
1214 617 1243 693 7,

175 731 319 796 Cassiod.
349 731 382 795 in
409 753 455 815 ps.
479 731 529 811 87,
556 733 593 796 13
616 730 668 810 ai,
697 733 831 814 Agapst.
855 751 931 814 pap.
955 705 1049 812 lep.
1073 733 1092 793 2
1122 733 1167 814 (in
1188 731 1243 796 fid.

175 849 472 932 ooni.1ustiniani);
492 887 534 896 -
554 849 594 914 oi.
611 851 796 914 lucidare
811 848 895 914 Patr.
912 849 1054 933 Chrysoi.
1072 869 1166 914 serm.
1184 852 1244 914 112

174 970 318 1048 obscura,
340 967 406 1033 Alc.
424 968 518 1048 Auia,
541 967 683 1032 Cassiod.
705 969 780 1032 inst.
804 967 900 1032 diuin.
921 972 939 1032 7
963 969 1111 1031 Ioauuem
1136 970 1245 1053 Aupu-

176 1089 278 1152 stiuus
302 1089 429 1172 eopiosa
452 1101 481 1150 et
502 1088 626 1172 iusipui
648 1088 838 1172 eupositioue
866 1087 1022 1152 lucidauit
1044 1086 1095 1166 ab,
1125 1087 1245 1170 gloss),

174 1207 382 1270 elucidare
404 1205 506 1288 Vuig„
529 1206 625 1288 intpr.
648 1205 742 1283 iren..
766 1205 899 1271 Primus.
921 1207 955 1271 in
977 1206 1072 1271 Hebr.
1097 1210 1116 1271 9
1139 1214 1176 1270 de
1198 1207 1247 1270 Iris

173 1325 320 1411 ompulit,
355 1323 506 1410 quorrwdo
536 1335 565 1386 et
595 1324 730 1407 qualiter
760 1339 863 1387 esseut
896 1324 1064 1405 ardebam,
1098 1328 1247 1412 superius

174 1444 366 1508 elucidatum
389 1455 445 1507 est.

193 1679 194 1682 η
251 1611 394 1695 diiuiiot
422 1630 507 1696 Hier.
531 1651 558 1695 a.
582 1631 690 1696 Ioann.
716 1633 734 1696 5
763 1632 819 1716 qui
843 1679 849 1694 .
874 1679 881 1695 .
907 1631 940 1694 tu
963 1629 1115 1696 dilutione
1138 1633 1245 1697 cremi-

173 1773 248 1812 aum
270 1749 392 1834 aliquid
411 1751 646 1832 praetermittit,
671 1749 824 1836 quidquid
845 1752 987 1829 tacuerit,
1011 1753 1184 1834 coafitetur.

250 1936 485 2002 *dimensioe
513 1960 669 2022 praepa.
700 1937 721 2001 i.
746 1935 926 2003 distributio
949 1937 1026 2020 ng.
1050 1959 1110 2016 m.‚
1138 1939 1242 2004 Rufio.

173 2056 203 2119 h.
227 2055 301 2120 eccl.
325 2055 379 2132 XI,
404 2057 444 2120 23
473 2057 693 2120 dimicationem
708 2055 878 2141 frumeuti,
902 2080 961 2142 quo
978 2056 1087 2142 famis
1110 2070 1246 2144 tempore

173 2175 318 2239 subuertit
341 2176 516 2260 Aepppit'u'a

250 2344 445 2426 dimenssbl':
482 2360 541 2424 Iul.
571 2361 689 2426 Honor.
720 2381 875 2442 cosmogr.
905 2381 936 2443 p.
961 2362 1001 2422 72
1036 2359 1164 2444 (Geogr.
1186 2362 1242 2426 lut.

173 2480 245 2543 min.
270 2479 334 2561 ed.)
357 2481 450 2545 Riese
480 2482 578 2544 amuis
607 2481 691 2545 orbis
722 2494 824 2544 terrae
851 2504 871 2544 a
899 2481 1126 2544 dimcusoribue
1151 2504 1245 2566 pera·

172 2610 285 2684 pratus
308 2611 363 2662 eat.

252 2765 477 2836 dimidiare:
513 2768 607 2848 Tura,
639 2769 725 2834 Hier.
757 2789 830 2851 quu.
861 2766 949 2832 hebr.
972 2768 1006 2832 in
1036 2767 1115 2833 Gen.
1138 2771 1189 2848 33,
1215 2774 1243 2848 1,

176 2885 277 2968 Vulg.‚
311 2886 449 2951 »Paulis
474 2887 618 2964 bened«,
645 2887 729 2952 Patr.
755 2887 900 2972 Chrysol.
923 2909 1017 2952 serm.
1041 2889 1081 2952 36
1111 2889 1153 2951 in.
1177 2912 1243 2950 ma-

174 3007 288 3070 luimus
316 3005 485 3070 dimidiare
514 3019 699 3088 tractatum5
735 3006 792 3071 sed
825 3011 909 3089 part.
944 3007 1023 3089 peri.
1058 3007 1245 3072 dimidiatus

172 3125 236 3190 iam
260 3130 337 3190 uett.

252 3294 501 3359 dimidietas:
535 3295 682 3360 Baohiar.
717 3294 759 3360 ad
792 3296 917 3361 Ianuar.
951 3298 1008 3376 13,
1046 3295 1242 3377 »chalcia«,

173 3412 284 3496 Pomp.
307 3435 450 3498 gramm„
473 3415 585 3480 Boeth.
609 3417 706 3480 Arist.
731 3417 821 3481 Anal.
845 3437 894 3499 pr.
918 3417 942 3495 1,
966 3418 1007 3480 26
1031 3419 1069 3498 (r.
1087 3416 1169 3500 Gg.).

250 3601 460 3667 *dimissio
483 3627 510 3687 q.
534 3604 690 3668 remissio:
713 3610 918 3686 peccatorum
935 3605 1015 3686 Aug.
1030 3603 1062 3666 iu
1081 3604 1173 3668 Rom.
1190 3624 1243 3668 ex·

173 3740 241 3802 pos.
263 3721 346 3786 inch.
371 3723 411 3786 23
435 3720 492 3797 al„
523 3722 564 3784 al.
594 3723 681 3803 quod
709 3727 741 3786 et
769 3721 974 3787 lenimentum
1005 3742 1078 3805 opp.
1102 3723 1242 3787 accessio

174 3838 226 3902 uel
248 3839 462 3923 superpositio
486 3838 616 3923 (morbi)
640 3839 725 3904 Cosl.
749 3841 835 3918 Aur,
859 3841 946 3904 Cass.
969 3840 1035 3905 Fel.
1060 3844 1099 3904 77
1123 3862 1154 3922 p.
1181 3843 1240 3905 187

174 3958 221 4020 ita
246 3972 280 4020 ut
301 3960 407 4023 omnia
428 3981 506 4043 quae
528 3959 560 4021 iu
584 3959 762 4038 accessione
779 3960 932 4021 oeuoeriut
950 3959 1146 4023 demessionis
1169 3968 1242 4020 tem·

170 4098 250 4157 pore
279 4083 484 4139 recorderetur
511 4075 568 4154 ai,
602 4080 697 4159 atque
725 4076 772 4139 ita
800 4075 886 4140 idem
914 4078 1172 4170 dimissorias
1200 4078 1239 4141 57

174 4210 205 4272 p.
232 4195 291 4256 146
314 4197 434 4258 auetica
457 4195 509 4258 die
530 4198 563 4258 id
586 4209 631 4258 est
654 4197 834 4260 dimissoria
858 4195 911 4279 (al.
936 4197 1072 4263 Modest.
1096 4195 1190 4278 Dia).
