2970 4942
714 449 944 514 -108-

373 634 569 702 concisio:
592 638 629 699 ut
649 639 673 699 t.
696 638 719 699 t.
742 633 824 700 rhet.
848 633 913 702 Oic.
935 655 970 713 s„
994 655 1043 718 pr.
1067 633 1153 700 Hier.
1177 636 1210 701 in
1234 637 1274 703 lc.
1292 638 1374 703 XIV

294 752 338 820 ed
360 756 411 835 52,
437 759 451 818 1
477 751 656 830 nunnioni,
685 751 789 838 Vulg„
812 755 891 837 Aug.
915 759 1026 846 quent.
1050 754 1147 820 cuim.
1171 757 1213 819 64
1244 758 1277 820 in
1299 779 1374 822 con-

295 876 412 938 cisione
435 871 633 960 quorundam
648 896 823 961 corporum,
846 873 892 938 Ol.
909 874 1005 942 Mem.
1021 894 1071 940 en.
1088 874 1128 956 II,
1147 878 1181 938 ll
1203 877 1263 959 (nr.
1278 876 1370 961 817),

294 994 385 1060 trusl.
410 993 494 1060 Hier.
518 992 590 1057 Did.
614 992 691 1076 spir.
715 997 794 1059 suot.
820 995 858 1058 13
890 992 1082 1058 distribuens
1103 1016 1165 1058 non
1185 1017 1245 1080 per
1267 996 1373 1060 conci·

294 1115 391 1178 cionie
419 1124 551 1199 pentec,
586 1111 644 1175 ced
670 1133 730 1198 per
763 1112 1017 1192 communionem,
1052 1134 1081 1196 q.
1105 1132 1249 1199 apocope
1270 1111 1371 1180 Prisc.

199 1267 200 1272 κ
294 1254 326 1317 p.
351 1235 410 1297 511
437 1230 531 1315 (tomi
553 1229 601 1314 ΙΙ)
625 1228 718 1294 Here.

373 1402 572 1466 concon:
601 1399 632 1466 s.
651 1399 683 1466 s.
707 1399 748 1465 1s.
773 1401 837 1483 (10,
863 1401 915 1483 15)
938 1421 991 1485 ap.
1014 1373 1153 1470 utnon)
1169 1404 1216 1472 oe
1238 1407 1298 1474 vu
1320 1427 1371 1474 re-

240 1505 245 1514 ’
294 1521 377 1606 gulis
400 1523 418 1585 7
446 1515 618 1605 ‘numquid
645 1518 904 1606 moynificabitur
931 1523 1052 1586 eecurie
1082 1524 1150 1588 sine
1179 1523 1370 1591 concisorel’

294 1639 400 1725 (Vulg.
417 1661 447 1705 u.
463 1638 652 1722 gloriabitur
671 1659 696 1704 s.
713 1644 826 1706 contra
848 1659 929 1720 eum,
954 1640 1009 1727 qui
1031 1643 1175 1710 secutio
1197 1643 1281 1728 cel),
1305 1645 1369 1712 inc.

294 1781 367 1845 quu.
390 1781 430 1826 ex
451 1764 556 1844 utroq.
579 1760 662 1826 Test.
688 1760 745 1824 101
772 1758 930 1844 liqnornm
952 1762 1136 1842 cocciores,
1161 1761 1290 1848 Ooripp.
1315 1765 1370 1849 (In

293 1878 380 1945 laud.
404 1879 515 1945 lustin.
538 1878 613 1944 min.
637 1880 691 1960 IV,
714 1879 779 1964 22).

256 2063 295 2103 ⁸²⁰
374 2050 732 2117 concitamentum:
756 2047 839 2130 Son,
861 2046 965 2114 Rufio.
990 2047 1076 2134 Orig.
1099 2050 1199 2136 prino.
1224 2051 1281 2134 111,
1301 2056 1368 2134 1,3

294 2167 506 2236 incidentibus
528 2171 722 2235 extrincecus
745 2168 988 2234 concitamentin.

253 2401 255 2404 .
372 2342 604 2421 concitatus,
627 2360 679 2406 us:
702 2337 822 2421 Sidou,
843 2337 978 2406 Primus.
992 2339 1026 2406 in
1045 2341 1141 2424 Apoc.
1157 2343 1206 2408 III
1221 2343 1264 2409 ed
1278 2363 1306 2409 c.
1327 2347 1366 2410 ll

294 2477 398 2529 terroe
419 2475 531 2545 moine,
555 2464 716 2550 strepitus,
740 2464 912 2528 concitatus
928 2462 1135 2550 populorum.

370 2633 613 2700 *conclusicz
647 2659 675 2719 q.
704 2633 863 2700 obstrusio
899 2631 1018 2699 Theod.
1046 2627 1146 2698 Prisc.
1169 2634 1201 2699 ll
1230 2632 1295 2698 chr.
1325 2635 1369 2700 20

293 2754 416 2832 urinae,
440 2752 528 2818 Geso.
551 2751 617 2817 Fol.
640 2753 682 2816 44
704 2773 735 2836 p.
759 2753 820 2817 110
842 2753 955 2839 epatis.

370 2922 717 2990 conclusiuncule:
741 2921 815 3003 (lic,
839 2922 920 3006 Aug.
941 2920 1063 3006 soliloq.
1079 2921 1104 3002 1,
1123 2924 1185 3002 1,1
1211 2922 1296 3009 qnod
1317 2925 1366 2988 in-
1452 2947 1454 2952 ·

293 3045 393 3125 nenio,
413 3045 531 3130 paucis
554 3044 818 3109 conclusiunculis
841 3043 980 3108 breuiter
1002 3042 1119 3129 collige.

371 3233 609 3298 concoenare:
637 3229 717 3297 Mar.
733 3231 829 3298 Mero.
845 3229 957 3316 cyrilli
971 3230 1091 3298 incarn.
1105 3231 1197 3316 vug.
1213 3233 1256 3298 24
1277 3253 1365 3297 nemo
1418 3210 1424 3222 ’

292 3355 357 3418 eibi
382 3354 544 3419 conuenire
575 3351 692 3417 dieitur
724 3375 822 3438 neque
852 3375 1053 3434 concoenare3
1087 3390 1125 3400 -
1158 3351 1366 3419 concoenetio

293 3473 366 3556 Cic,
390 3491 547 3539 concooue
569 3491 666 3538 masc.
691 3475 765 3556 (pro
786 3473 1013 3556 concoenctor)
1035 3471 1077 3555 gl.
1101 3471 1292 3550 σύνδειπνος.

370 3659 576 3744 concutere:
603 3678 1051 3765 Rustio.c.Aceph.p.1229
1074 3701 1129 3742 neo
1148 3677 1297 3764 temptum
1309 3699 1366 3741 nn

292 3797 410 3862 altaria
433 3796 489 3860 deo
513 3798 554 3861 ab
577 3797 719 3882 antiquis
742 3797 999 3864 coadorabantur
1022 3809 1051 3860 et
1073 3798 1319 3866 concolebantur.

369 3983 626 4086 conminuere:
653 4001 685 4067 S.
709 4002 741 4068 S.
763 4005 827 4069 uet.
856 4001 997 4086 (R'dnsch
1023 4002 1062 4070 It.
1085 4025 1117 4088 p.
1141 4005 1232 4088 207),
1262 4004 1363 4090 intpr.

243 4119 251 4134 Ἴ
292 4119 378 4204 Orig.
401 4120 434 4185 in
456 4119 570 4186 Matth.
595 4123 635 4187 73
662 4122 867 4209 concolliyene
889 4122 1062 4211 malefacte
1084 4146 1191 4189 eornm
1212 4127 1247 4190 in
1270 4126 1364 4192 breue

292 4240 332 4324 (A
353 4260 386 4323 p.
405 4241 472 4323 U).
