2970 4942
557 435 791 498 -123-

218 621 519 704 conquassatio:
545 620 608 686 Cic.
627 641 662 699 a,
686 619 774 685 (lass.
791 619 856 685 Fol.
874 621 911 684 51
937 639 969 700 p.
989 618 1047 680 132
1071 615 1209 701 quotiens
1332 685 1334 690 ,

140 742 326 826 intrinsecus
349 742 382 802 in
404 741 482 825 ipsis
505 738 660 802 uitalibus
681 739 831 802 membris
855 785 862 800 .
886 785 893 800 .
918 734 1138 822 conquassatio
1155 745 1211 795 sut

142 859 286 944 diruptio
302 857 409 943 fuerit
424 856 530 942 facta.

102 1047 141 1088 ⁹⁸⁰
220 1033 519 1128 conquaternata:
550 1041 630 1105 Vict.
648 1041 758 1107 Pstau.
775 1041 873 1106 schol.
890 1041 923 1105 in
940 1044 1037 1125 Apoo.
1061 1061 1100 1106 ox
1118 1062 1143 1104 o.
1163 1043 1210 1118 14,

141 1186 171 1229 n.
187 1166 225 1228 19
239 1184 285 1246 sq.
299 1164 495 1247 quaternitas
511 1175 556 1224 est
572 1173 817 1247 conquaternata
833 1209 839 1224 .
860 1210 866 1223 .
885 1160 1008 1241 (eadem
1025 1159 1125 1224 uerba
1140 1159 1212 1225 hino

141 1269 229 1348 haud
252 1281 347 1346 dubie
369 1284 547 1345 mutuatum
566 1281 756 1348 Primasium
779 1281 811 1344 in
828 1282 925 1363 Apoc.
942 1280 994 1344 cit.
1012 1278 1092 1361 DV),
1117 1279 1210 1362 gloss.

220 1433 468 1499 conscensio:
493 1432 555 1497 Cio.
578 1453 613 1511 s..
637 1431 722 1496 Hier.
748 1454 829 1497 nom.
854 1432 942 1497 hebr.
959 1453 991 1515 p.
1007 1434 1048 1496 44
1070 1432 1212 1512 Mareia,

143 1575 255 1619 amara
279 1555 459 1617 conscensio.

223 1712 472 1754 conscensus:
497 1687 583 1772 Sulp.
607 1688 690 1767 Seu,
713 1694 795 1752 auct.
819 1689 934 1753 Zacch.
953 1660 1103 1771 et'Apoll.
1128 1709 1212 1753 cons.

143 1813 182 1888 ΙΙ,
197 1811 236 1873 14
261 1831 293 1872 se
310 1819 384 1892 post
400 1809 465 1870 eius
482 1806 646 1889 (Spiritus)
663 1803 832 1870 aduentum
851 1830 1001 1890 suumque
1017 1829 1214 1870 conscensum

144 1929 177 2011 (i.
198 1948 362 1992 ascensum
386 1947 428 1990 so.
451 1927 484 1989 in
508 1924 644 2007 coelum)
667 1926 827 1989 nobiscum
844 1924 995 2011 funerum
1017 1927 1212 2010 promittens.

223 2097 461 2160 conscissio:
487 2096 575 2176 Aug..
598 2094 695 2177 intpr.
719 2094 803 2176 Orig.
827 2094 859 2156 in
882 2093 995 2157 Matth.
1023 2096 1083 2158 140
1105 2093 1177 2157 aeli.

222 2267 469 2348 Cilllsssslsssslll'ai
498 2284 576 2363 Aug.
600 2282 631 2344 iu
656 2302 702 2363 ps·
720 2283 806 2360 49,9
829 2281 912 2342 retia
936 2293 1031 2364 rupta
1054 2278 1214 2363 sipnirico-

146 2405 220 2468 bant
244 2403 465 2468 conscissiones
488 2412 517 2462 et
536 2401 752 2466 conscissuras
769 2399 994 2463 haereticorum
1017 2411 1045 2462 et
1067 2397 1214 2463 schisma-

145 2524 287 2586 tisorum.

151 2717 155 2724 ·
223 2677 453 2757 conscotinus
481 2693 677 2775 (assessu
708 2692 806 2756 ouon.
832 2713 895 2758 non
924 2713 1011 2775 parc.
1042 2714 1073 2776 p.
1098 2694 1159 2756 arr
1182 2697 1214 2756 et

146 2813 218 2889 990,
243 2810 388 2876 alludens
411 2832 469 2893 per
492 2811 689 2893 antiphrasin
713 2810 755 2873 ad
781 2810 907 2876 Photini
931 2811 1041 2875 Ariani
1064 2831 1186 2874 nomen.

225 2981 517 3062 *conscriptorz
541 3004 639 3065 spec.
663 2982 682 3044 i.
701 2981 902 3065 συγγραφεύς
920 2981 939 3045 i.
958 3001 983 3046 c.
1000 2981 1213 3067 καταλογάδην

147 3125 257 3183 ourrp.
280 3101 377 3181 intpr.
403 3102 483 3164 lren.
509 3102 547 3177 ΙΙ,
574 3103 622 3175 14,
646 3102 666 3162 4
686 3110 797 3185 poetae
820 3113 848 3161 et
872 3101 1097 3184 conscriptores
1121 3098 1214 3183 affir-

146 3232 234 3283 mant
262 3225 300 3301 (r.
325 3218 408 3301 (ig),
438 3223 470 3281 ot
499 3218 574 3281 item
602 3244 643 3272 =
673 3242 782 3302 snryp.
807 3219 949 3282 Cassiod.
975 3217 1117 3300 (Epiph.)
1140 3216 1212 3280 hist.

146 3337 221 3420 trip.
244 3336 268 3415 Ι,
291 3337 310 3399 3
347 3334 486 3399 Clemens
508 3348 537 3398 et
558 3336 737 3422 Epesippus
761 3388 767 3402 .
793 3384 800 3401 .
824 3337 1063 3422 Africannspue
1086 3337 1216 3399 coriscri-

145 3468 220 3540 ptor
242 3459 297 3538 (sc.
318 3456 545 3536 historiarum),
569 3455 610 3518 ib.
636 3457 878 3540 conscriptorem
900 3457 1006 3520 omnia
1031 3454 1113 3517 decet
1136 3456 1215 3516 neri·

149 3575 208 3637 tati
226 3587 422 3660 postponere,
447 3579 478 3638 ot
501 3573 576 3656 aliq.
600 3574 632 3637 in
656 3574 726 3638 ood.
749 3595 829 3657 cap„
850 3574 886 3653 V,
911 3578 950 3640 45
974 3574 1122 3660 Ephrem,
1147 3596 1215 3635 con·

148 3695 282 3779 scriptor
305 3695 448 3778 eprepias
472 3692 562 3778 opud
582 3692 689 3778 Syros,
721 3692 761 3770 ΙΙ,
788 3695 822 3756 ΙΙ
855 3693 937 3773 (sim.
961 3692 1215 3775 conscriptio

148 3811 190 3877 ib.
207 3812 232 3891 Ι,
253 3815 288 3879 3;
317 3819 353 3878 ut
376 3819 482 3876 antem
505 3811 608 3877 nullus
631 3812 829 3894 ignoratione
852 3833 958 3876 rorum
982 3817 1109 3877 accuset
1131 3832 1216 3877 men·

150 3931 259 3996 dacem
283 3952 351 3997 osso
366 3928 651 4014 conscriptionsm'‚
676 3936 713 3995 ut
728 3930 844 3995 Arnob.
860 3951 965 3995 rerum
988 3936 1146 4012 gestarum
1163 3931 1215 3996 uol

153 4073 258 4116 rerum
282 4050 553 4133 conscriptiones).

227 4197 537 4304 *conscriptumt
569 4245 592 4284 s.
621 4219 759 4285 Facund.
784 4241 833 4302 op.
857 4218 911 4282 fid.
936 4219 1018 4283 cath.
1042 4241 1071 4303 p.
1097 4220 1160 4284 870
1182 4220 1215 4283 M
1304 4301 1306 4306 Ι
