2940 4936
527 390 732 455 ..33-

95 579 227 657 sonalis,
250 579 329 664 qnia
349 598 404 640 nee
426 577 499 660 insa
521 578 628 640 missio
652 575 762 640 loealis
784 575 989 661 intellepitnr‚
1020 574 1161 642 Cassiod.

94 701 128 763 in
154 718 203 781 ps.
229 697 267 760 13
299 717 347 760 ex.
371 693 422 773 ei,
454 692 597 778 (Epiph.)
627 693 701 758 hist.
728 693 802 776 trip.
827 695 924 772 ΙΧ,9
958 697 1163 779 apertissima
1204 669 1209 678 .

97 818 262 904 apparitio
278 816 345 880 Dei
367 813 418 892 al„
441 812 491 877 Ps.
508 812 593 878 Hier.
611 811 651 876 de
674 812 822 895 epiphan.
839 832 941 877 sermo
962 816 976 875 1
1000 813 1086 899 qaod
1105 837 1161 879 nos
1193 859 1197 866 -

97 935 335 1022 apparitionem
360 932 412 997 nel
432 933 636 996 ostensionem
665 929 815 1006 dirimas,
841 927 959 994 Graeci
982 931 1162 1018 ἐπιφάνειαν

96 1065 219 1133 norant,
236 1053 311 1119 isid.
331 1051 403 1116 »Or
421 1050 476 1128 VI,
496 1051 545 1129 18,
561 1052 598 1114 6«
610 1083 612 1088 ·
623 1049 792 1134 epiphania
804 1071 925 1134 praere,
950 1049 1048 1113 latine
1063 1075 1160 1136 appa·

96 1173 175 1236 rite'o
197 1173 265 1235 siae
287 1169 508 1253 manifestatio
530 1179 672 1232 noratur.

176 1340 475 1427 appellatione:
498 1338 587 1402 Hier.
610 1337 641 1400 in
665 1335 758 1400 Mioh.
778 1338 792 1401 1
814 1357 862 1419 pr.
889 1337 1091 1422 appellatina
1113 1361 1166 1402 no·

96 1464 185 1526 mina
208 1474 375 1525 nertnntar
405 1461 438 1522 in
459 1459 598 1543 propria
621 1456 672 1535 al„
704 1456 837 1535 Charis,
866 1457 917 1522 Ps.
941 1457 1024 1531 Asa..
1053 1454 1164 1536 Prisc„

98 1580 141 1644 al.
166 1578 284 1657 Amba,
307 1577 349 1643 sl.
372 1576 538 1662 (ἐφετικός)
561 1575 641 1640 Nou.
665 1574 775 1641 lustin.
796 1595 879 1639 uers.
902 1574 986 1659 uulg.
1008 1576 1069 1639 100
1091 1574 1164 1659 epil.

177 1747 436 1833 'appellator
464 1746 521 1811 der
543 1744 784 1828 Appellirende:
807 1744 896 1810 Paul.
921 1744 1018 1825 Sena,
1041 1744 1164 1809 Peulin.

99 1871 174 1937 edu.
198 1866 333 1934 Goelest.
356 1869 377 1930 4
404 1865 483 1930 nihil
511 1878 619 1951 apente
651 1864 846 1950 appellatore
873 1866 1020 1950 superior
1046 1877 1092 1928 est
1114 1864 1167 1928 ille

100 1989 159 2076 qai
179 1988 267 2052 nisit.

54 2167 98 2207 2⁴0
176 2123 431 2241 appetentiis:
459 2154 550 2220 Thes.
575 2152 726 2219 nou.1at.
749 2173 782 2236 p.
805 2153 886 2238 ran
910 2191 950 2202 -
974 2136 1166 2236 appensio:

100 2275 213 2344 Iulian.
237 2295 288 2357 ap.
306 2275 385 2357 Aug.
409 2293 435 2338 o.
459 2294 519 2338 seo.
541 2294 623 2357 resp.
641 2273 740 2353 1u1.1‚
766 2276 806 2337 74
830 2272 1072 2357 (amplissimam
1096 2295 1165 2340 esse

99 2395 203 2460 nostri
224 2393 343 2475 negotii
366 2390 577 2475 dignitatem)
608 2407 642 2456 at
670 2395 743 2477 ipsa
772 2415 878 2456 renam
901 2390 1114 2456 consideratio
1137 2405 1166 2456 et

101 2516 254 2601 appensio
276 2512 406 2592 indicat,
431 2536 509 2596 qaas
533 2523 663 2590 tuemur,
687 2513 735 2574 ita
758 2512 849 2575 etiam
867 2521 970 2574 aester
981 2534 1097 2596 panor,
1120 2510 1165 2576 id.

93 2633 141 2698 ib.
158 2622 205 2710 Π,
232 2632 293 2695 140
316 2635 349 2695 et
372 2633 442 2706 141,
464 2631 516 2709 VI,
543 2630 596 2704 16;
620 2666 659 2676 -
683 2648 843 2712 appensor
865 2630 944 2710 Aug.
969 2629 1165 2712 (uerborum,

100 2749 285 2834 appendere
304 2723 406 2814 ¹uerba
428 2747 506 2831 Cio.)
620 2799 625 2810 .

179 2902 444 2989 appetibilis:
478 2902 561 2985 App.
590 2901 696 2983 dogm.
726 2901 806 2965 Plat.
838 2903 878 2980 ΙΙ,
910 2902 958 2980 13,
994 2899 1080 2965 Hier.
1113 2921 1163 2984 ep.

102 3021 215 3100 123,2
246 3043 340 3105 paam
367 3031 396 3083 et
421 3020 568 3083 nobilitas
595 3033 624 3082 et
652 3020 759 3101 formo
790 3033 818 3082 et
846 3034 933 3086 aetas
961 3032 990 3083 et
1012 3042 1085 3105 opes
1109 3019 1165 3106 fa·
1264 3046 1268 3054 ¹

100 3141 187 3212 eiam
209 3141 326 3218 maelis
348 3137 558 3225 appetibilem,
587 3139 666 3222 Aug.
694 3160 787 3204 serm.
811 3141 861 3219 66,
885 3143 913 3218 5,
945 3138 1055 3218 Maca,
1079 3137 1164 3203 Cael.

101 3259 188 3334 Aur„
211 3257 324 3323 Boeth.

177 3428 434 3529 appellitant:
465 3443 593 3526 Dionys,
609 3444 698 3527 Exig.
722 3443 866 3526 Gregorii
888 3445 980 3528 Nyss.
1006 3444 1046 3510 de
1068 3449 1164 3509 orest.

99 3562 183 3629 hom.
208 3564 245 3626 31
283 3563 509 3647 appetitoriam
531 3560 691 3646 quandam
714 3563 777 3626 nim
809 3565 876 3626 eins
898 3565 947 3627 rei
969 3585 1049 3648 qnae
1072 3562 1174 3642 deest.

100 3692 128 3744 et
154 3680 370 3766 eapalsoriam
396 3681 464 3744 eins
493 3703 572 3763 qnae
601 3681 770 3767 superfluit
798 3684 982 3768 torporibus
1010 3684 1166 3762 inserena·

100 3837 140 3848 -
163 3800 324 3886 appetitor
353 3799 491 3884 Lampr.‚
522 3800 556 3865 0.
579 3799 706 3880 Theoi,
735 3800 819 3880 soei,
850 3785 1058 3885 appellit'lx:
1085 3801 1165 3884 Aug.

101 3920 253 3985 eontin.3
284 3917 504 4002 (continentia)
527 3917 616 3982 illias
639 3916 739 4002 (boni)
763 3921 904 3986 amatrix
926 3933 955 3982 et
977 3920 1162 4005 appetitam,

100 4035 193 4103 luins
217 4036 320 4122 (mali)
345 4059 418 4102 aero
441 4047 470 4099 et
490 4035 590 4100 leontis
614 4049 642 4099 et
665 4039 753 4100 testis
776 4049 831 4117 est,
855 4050 883 4100 et
906 4036 998 4101 decas
1014 4050 1165 4123 appetens

102 4167 129 4218 et
152 4157 284 4240 dedecus
301 4157 435 4242 faplens
458 4155 646 4239 (appetitrix
661 4175 734 4218 mss,
751 4153 834 4233 Van,
853 4193 890 4202 -
909 4153 951 4218 al.
966 4155 1164 4238 spectatrix).

150 4269 284 4318 Paucker,
297 4269 351 4310 Lex.
365 4269 416 4310 Lar.
429 4267 614 4320 Supplementum.
946 4259 962 4310 3
