3000 4942
681 408 914 472 -218-

242 571 470 679 'requaeritum
501 595 557 672 ΙΙΙ,
582 594 623 657 26
651 616 811 680 uunquam
835 593 879 658 ad
903 593 992 657 illius
1016 593 1185 659 arbitrium
1209 593 1338 680 aliquid

256 711 370 795 faeere
384 725 440 778 aut
457 711 662 777 dissimulare
679 711 834 790 debemus,
856 711 900 776 ib.
919 716 968 791 ΙΙ,
987 714 1063 795 Veg.
1080 733 1109 776 u.
1127 711 1224 796 (Gg.)‚
1244 711 1335 796 Sulp.

263 831 335 896 Seu.
359 830 468 896 chron.
493 831 518 910 I,
544 833 594 914 13,
616 833 645 911 3,
669 831 736 896 Ian.
760 829 922 915 Nepot.II
944 830 1050 896 lemm.
1074 837 1131 919 qui
1152 831 1336 918 retipr'onem

263 949 536 1016 dissimulaueriut
557 955 609 1016 uel
632 951 669 1014 de
691 963 868 1036 comtemptu
892 953 1116 1016 obseruantiae
1144 951 1335 1036 (sedetiam

259 1066 317 1135 'ab
348 1069 485 1156 aliqua
514 1070 587 1136 re':
616 1071 702 1137 Tert.
730 1069 772 1134 ad
800 1071 893 1154 Scep.
917 1073 937 1135 4
971 1072 1083 1156 quauti
1104 1070 1333 1156 praesides..

264 1189 546 1256 dissimulaueruut
568 1192 608 1257 ab
631 1189 815 1256 huiusmodi
837 1193 951 1271 aeuus,
975 1192 1086 1274 Aug.);
1115 1214 1187 1277 seq.
1209 1191 1248 1254 iu
1251 1189 1280 1275 f
1284 1191 1334 1255 iu.

165 1345 168 1352 =
243 1279 430 1376 'claudias
453 1310 487 1375 in
509 1309 613 1375 Rufin.
638 1310 676 1389 11,
703 1311 764 1374 164
795 1310 824 1374 s
848 1306 1033 1374 assuimus.
1060 1321 1188 1374 iosuae
1210 1332 1336 1374 susur-

261 1452 330 1494 rere
351 1432 457 1511 auerti,
480 1429 568 1495 Hier.
591 1449 618 1494 c.
642 1428 751 1495 Ioann.
778 1431 826 1509 18,
849 1428 952 1494 Rufio.
977 1429 1061 1512 Orig.
1084 1429 1117 1493 in
1139 1429 1231 1494 Rom.
1253 1427 1289 1508 V,
1316 1433 1332 1492 1
1365 1424 1369 1434 ’

261 1570 293 1633 p.
318 1551 380 1615 319
396 1549 442 1628 L,
466 1547 509 1615 id.
533 1548 669 1632 Pamph.
691 1569 751 1632 pro
775 1548 860 1631 Orig.
884 1568 915 1629 p.
937 1549 1009 1628 330,
1033 1547 1140 1614 Sidon.
1163 1568 1213 1631 sp.
1230 1550 1269 1628 11,
1297 1550 1334 1611 12

263 1665 356 1731 dabis
381 1666 505 1730 amiam
528 1666 613 1752 quod
634 1667 787 1731 muitauti
807 1668 864 1731 tibi
886 1669 921 1732 iu
939 1669 1151 1753 piscationem
1171 1691 1268 1732 eomes
1283 1691 1336 1732 ue·

261 1787 331 1850 m're
361 1783 541 1865 dissimula,
573 1785 641 1866 VH,
666 1788 694 1866 9,
726 1785 781 1864 IX,
812 1789 831 1850 9
860 1806 892 1869 p.
916 1787 977 1850 262
1009 1786 1114 1862 Sism,
1139 1790 1174 1850 II
1206 1807 1237 1869 p.
1261 1789 1334 1866 269,

261 1903 326 1970 Leo
349 1903 391 1970 M.
414 1925 464 1987 ep.
487 1905 511 1980 Ι,
536 1907 554 1970 5
579 1924 627 1970 ex.
652 1906 859 1969 austeriorem
882 1905 1083 1970 dissimularet
1104 1904 1253 1971 adhibere
1274 1929 1337 1970 me-

263 2023 410 2105 disinam,
434 2024 569 2090 Euchsr.
593 2044 643 2107 sp.
665 2045 797 2107 parson.
821 2025 864 2090 ad
879 2024 1039 2090 Valerios.
1055 2045 1088 2108 p.
1105 2024 1208 2089 7220
1230 2027 1267 2108 (t.
1280 2028 1335 2109 50)

262 2144 377 2229 Mjgne,
406 2143 456 2208 Ps.
482 2146 560 2228 Aug.
584 2165 679 2210 serm.
704 2145 776 2224 298,
800 2145 819 2209 3
849 2142 938 2209 dulae
960 2145 1070 2228 ispum
1095 2141 1216 2207 Christi
1239 2141 1336 2207 dissi·

261 2265 385 2330 mularet
415 2263 553 2329 humeris
583 2266 651 2330 suis
681 2265 850 2350 imponere,
882 2263 976 2346 Greg.
1000 2262 1073 2327 hist.
1097 2261 1210 2328 Franc.
1234 2262 1291 2343 III,
1316 2266 1334 2326 7

262 2382 347 2469 quod
368 2384 447 2448 milei
464 2383 627 2470 pollicitus
651 2394 697 2448 est
712 2383 849 2471 fefellit,
873 2395 901 2446 et
925 2384 1048 2447 omuiuo
1072 2383 1145 2446 leaeo
1160 2380 1336 2470 adimplere
1400 2467 1404 2476 .

264 2503 455 2584 dissimulat,
479 2505 532 2578 VI,
559 2506 607 2570 15.
631 2501 783 2570 ProInds:

341 2741 652 2808 ¹'dissimulatio
685 2763 715 2825 q.
744 2741 889 2822 omissio,
922 2739 1126 2825 negligentis:
1163 2739 1239 2834 ng.
1267 2740 1335 2806 mil.

262 2860 337 2941 11,3
358 2882 405 2926 ox.
423 2861 615 2947 fortissima
638 2859 808 2946 dispositio
830 2871 998 2946 reparetur
1021 2883 1182 2925 armorum
1197 2873 1335 2924 etemeu-

263 2983 355 3046 detur
379 2980 592 3048 dissimulatio
613 2980 864 3068 praecedentum,
887 2980 912 3060 1,
937 2982 1041 3046 sets
1064 2985 1097 3045 ot
1121 2982 1160 3045 18
1184 2983 1290 3064 (quem
1313 2967 1352 3044 l.'

261 3102 361 3168 habet
384 3102 468 3186 Gg.),
492 3101 582 3186 Vegae‘
593 3123 623 3166 u.
646 3100 691 3165 IV
713 3121 762 3184 pr.
782 3104 796 3163 Ι
830 3099 1061 3186 dispendium
1085 3098 1336 3164 dissimulatione

147 3235 148 3240 ’
261 3223 421 3287 uerr'eutz'a
451 3225 485 3286 et
512 3219 555 3286 ib.
581 3221 610 3299 3,
641 3218 699 3286 Iul.
730 3239 782 3304 up.
812 3221 892 3302 Aug.
923 3240 950 3285 a.
974 3239 1034 3289 seo.
1057 3239 1140 3303 resp.
1164 3219 1221 3284 Iul.
1245 3218 1269 3299 l,
1293 3220 1334 3284 38

262 3365 344 3405 uum
367 3339 489 3404 indicta
512 3362 617 3404 eorum
647 3338 888 3423 (sacrificinmm
911 3338 951 3403 ds
973 3337 1156 3422 pecoribus)
1186 3338 1336 3403 dissimu-

152 3530 154 3533 .
262 3461 340 3527 latio
363 3460 411 3526 ita
434 3459 535 3524 seruit
556 3459 710 3540 iustitiae,
733 3473 768 3523 ut
785 3470 857 3522 tuuc
872 3459 1170 3539 obtatioseruiebat,
1195 3459 1335 3524 Cassian.

262 3579 340 3646 coll.
363 3577 482 3659 XVIII,
509 3580 562 3660 143
599 3598 629 3661 p.
654 3578 695 3643 al.
725 3576 797 3662 (das
824 3577 1000 3662 Ignorirsn)
1030 3577 1114 3644 Tert.
1138 3579 1212 3644 adu.
1236 3578 1334 3642 Marc.

263 3702 299 3778 V,
324 3701 342 3766 5
366 3719 399 3781 p.
422 3698 484 3763 287
501 3698 549 3780 0,
573 3699 653 3765 Vict.
670 3698 762 3764 Osos.
778 3701 830 3779 41,
854 3701 895 3765 20
925 3723 1005 3785 quas
1027 3723 1078 3764 res
1101 3699 1176 3783 (olei
1197 3698 1335 3764 frumen·

156 3811 159 3816 ¹
261 3819 350 3902 tique
379 3817 611 3902 praebitionem)
647 3819 827 3904 superiores
861 3817 973 3883 Seueri
1004 3821 1137 3904 imperio
1169 3831 1334 3910 qratautes

263 3939 329 4003 riui
353 3939 540 4020 obtuleruut,
564 3948 763 4025 uerteratque
784 3939 928 4024 qratiam
949 3940 1089 4003 muueris
1111 3941 1146 4003 iu
1163 3937 1334 4022 perniciem

260 4070 461 4144 posterorum
496 4057 712 4122 dissimulatio
743 4057 786 4140 (h.
818 4076 863 4137 (u,
893 4060 989 4140 puto,
1026 4056 1272 4123 dImImulabant
1300 4075 1333 4120 so

263 4179 344 4244 saise
367 4179 481 4261 sponte
503 4174 538 4242 id
560 4175 703 4242 oblatum
725 4175 846 4259 fuisse).
