3000 4942
685 403 919 466 -216-

224 587 227 596 ’
344 591 589 674 dispositor:
617 589 701 667 Son,
733 589 818 654 Tert.
842 606 957 652 resurr.
981 606 1066 653 earn.
1091 587 1132 652 48
1156 586 1208 669 (i),
1239 585 1339 667 Laut,

265 709 376 791 Hilar,
399 711 425 774 F
426 711 497 776 irm.
522 731 563 774 m.
580 709 636 785 ΙΙΙ,
663 711 711 788 15,
736 709 776 772 29
797 691 1003 793 puiliaarum
1024 705 1209 791 reiipionum
1233 705 1339 792 dispo-

130 919 132 922 ·
264 835 384 913 sitores,
411 829 497 895 Hier.
520 829 562 913 (i)
590 829 621 892 in
652 847 699 910 ps.
723 828 765 892 49
794 849 891 890 unum
918 825 1037 890 ueteris
1066 827 1200 910 nonique
1234 827 1341 890 Testa·

264 952 359 1015 menti
382 972 447 1013 esse
470 948 700 1033 dispositorem,
724 945 803 1011 Vsu.
827 944 915 1009 Misa
940 943 1009 1024 VII,
1035 946 1085 1023 16,
1110 945 1160 1024 26,
1186 943 1315 1027 Goripp.

342 1119 586 1202 dispositus,
609 1139 644 1182 u:
669 1116 742 1182 Tae.
761 1135 796 1195 a,
820 1115 950 1199 Coripp.
966 1114 1053 1179 laud.
1070 1081 1147 1179 lust.
1165 1117 1245 1196 Aug.
1261 1114 1339 1178 min.

264 1239 289 1321 I,
308 1239 367 1303 138
391 1261 461 1302 oum
484 1285 492 1302 .
515 1286 523 1301 .
547 1259 668 1322 raperes
693 1234 805 1300 diuino
825 1234 955 1320 palatia
975 1235 1084 1320 patris
1107 1283 1114 1297 .
1139 1280 1157 1310 .,
1182 1233 1339 1319 dispositu

263 1358 327 1424 iam
353 1355 472 1423 Caesar
495 1379 576 1422 eras.

214 1541 265 1581 aas
346 1526 647 1613 disparatione:
672 1524 813 1591 Cassiod.
833 1523 976 1608 (Epiph.)
994 1522 1024 1588 h.
1041 1527 1093 1603 tr,
1111 1523 1228 1589 Ansod.
1244 1523 1338 1590 Helu.

266 1667 298 1731 p.
328 1649 386 1710 161
424 1648 528 1711 oratio
560 1694 571 1712 .
599 1694 606 1710 .
642 1645 844 1730 disputatiua
878 1645 912 1707 in
946 1643 1099 1729 diaiopis,
1132 1644 1273 1708 relatiua
1305 1645 1341 1708 in

267 1767 420 1831 historiis.

345 1936 601 2020 disputator:
636 1935 699 2001 Gis.
724 1935 776 2001 off.
806 1940 838 2000 ot
864 1933 934 2001 Val.
963 1934 1050 1999 Max.
1080 1939 1122 1998 ss.
1150 1931 1183 1998 li.
1217 1932 1340 2016 (rarius.

265 2051 422 2135 Fruund),
453 2055 562 2120 Ambr.
591 2053 744 2120 stasm.
769 2053 823 2133 IV,
847 2057 876 2133 4,
903 2057 941 2118 14
978 2051 1194 2140 disputatores
1224 2075 1340 2133 eorum,

266 2198 343 2263 quae
366 2198 426 2240 sna
448 2188 531 2254 sunt,
555 2177 705 2255 nesciunt,
735 2172 886 2259 quomodo
910 2175 1016 2239 atiena
1038 2174 1223 2252 nouerunti,
1252 2173 1339 2238 Hier.

266 2291 467 2362 aloinus
491 2293 602 2371 eres,
630 2293 704 2358 adu.
732 2293 832 2359 Iouin.
854 2293 895 2370 11,
925 2294 963 2356 21
989 2292 1048 2372 ai,
1078 2291 1158 2375 Aug.
1184 2313 1210 2356 s.
1234 2291 1338 2357 Oresa.

266 2414 347 2479 Don.
365 2416 390 2494 Ι,
408 2416 448 2478 14
471 2414 550 2478 sieut
570 2414 799 2499 prammatieus
823 2437 843 2476 a
867 2412 1023 2476 ueteribus
1047 2411 1143 2477 iatine
1167 2412 1270 2476 dietus
1294 2422 1340 2476 est

266 2531 421 2611 literatos,
445 2534 491 2598 ita
511 2555 623 2618 praese
647 2531 829 2596 dialecticus
853 2531 950 2595 multo
974 2532 1128 2595 usitatius
1148 2544 1176 2595 et
1191 2531 1339 2596 tolerabi-

266 2651 330 2722 lius
361 2650 459 2714 iatine
487 2651 607 2716 dieitur
636 2649 831 2736 disputator,
860 2650 903 2714 id.
928 2649 1035 2715 alul.
1059 2650 1083 2729 Ι,
1107 2653 1127 2715 4
1158 2663 1193 2714 ut
1221 2652 1254 2714 in
1282 2673 1338 2715 nos

265 2769 352 2833 ueiut
385 2769 509 2854 artifex
544 2769 726 2854 disputator
759 2768 902 2850 iusidias,
935 2768 1080 2835 mendac.
1112 2771 1150 2833 10
1178 2773 1211 2835 st
1239 2789 1339 2853 saep,

267 2887 364 2953 Viotr.
389 2888 475 2953 laud.
498 2893 597 2954 sanct.
618 2892 665 2966 11,
691 2885 813 2952 Eunod.
837 2861 1025 2969 sp.1X,28,
1049 2886 1206 2953 Hilarion.
1228 2887 1337 2952 mund.

266 3007 370 3074 durat.
395 3009 490 3092 (DV).

343 3177 613 3261 disseminator:
642 3195 751 3260 Amsr.
768 3195 864 3280 inps.
880 3198 932 3276 ss,
950 3199 990 3261 49
1014 3197 1164 3263 ramanae
1183 3198 1337 3282 maman,

267 3314 522 3380 disseminatores
544 3316 793 3396 incontinentiae,
821 3313 914 3399 gloss.
940 3314 1094 3396 Hildsbr,
1119 3315 1338 3382 disseminatio

268 3437 359 3518 App,
382 3434 477 3515 Turi,
501 3433 599 3514 Hier,
624 3434 720 3500 Viotr.
742 3434 829 3500 laud.
854 3438 953 3500 sanet.
978 3436 997 3499 9
1021 3436 1109 3520 r'psos
1132 3437 1195 3501 sibi
1215 3436 1339 3522 inferre

262 3553 405 3638 propria
428 3551 687 3618 disseminatione
710 3555 878 3618 n'aaturam.

342 3723 581 3790 *disserere
609 3744 728 3806 asoa
758 3729 896 3790 trans:
925 3724 1046 3810 aliquid
1076 3726 1148 3792 Tac.
1177 3725 1338 3792 libertatis

265 3842 351 3908 bona
373 3890 381 3905 .
406 3890 428 3922 .,
460 3842 547 3907 Hier.
571 3863 675 3926 saep,
707 3847 743 3909 ut
771 3843 845 3909 adu.
869 3845 972 3910 Rufin.
995 3845 1020 3926 I,
1044 3847 1085 3911 20
1114 3845 1338 3911 Aleuandrum

267 3961 451 4026 Aristotelis
473 3962 638 4026 uolumina
662 3963 871 4044 disserentem,
894 3965 927 4029 in
951 3965 1043 4030 Cani.
1066 3972 1106 4030 tr.
1131 3969 1150 4029 2
1173 3987 1205 4050 p.
1225 3967 1286 4032 528
1310 3968 1340 4032 si

262 4091 395 4167 potuero
417 4081 489 4144 Dei
509 4080 661 4145 disserere
683 4104 861 4163 sermonem,
886 4083 959 4149 adn.
977 4085 1084 4152 Iouin.
1106 4085 1130 4167 I,
1156 4088 1198 4151 13*
1220 4083 1338 4172 Grepo·

268 4203 338 4267 rius
360 4201 579 4287 uirpinitatem
601 4214 628 4265 et
651 4203 780 4288 nuptias
804 4202 1037 4283 disserenssl,
1061 4203 1117 4270 Iul.
1135 4225 1187 4289 ap.
1208 4206 1286 4288 Aug.
1310 4225 1336 4271 o.
