<?xml version="1.0" encoding="UTF-8"?>
<!DOCTYPE html PUBLIC "-//W3C//DTD XHTML 1.0 Transitional//EN"
    "http://www.w3.org/TR/xhtml1/DTD/xhtml1-transitional.dtd">
<html xmlns="http://www.w3.org/1999/xhtml" xml:lang="en" lang="en">
 <head>
  <title>
</title>
<meta http-equiv="Content-Type" content="text/html;charset=utf-8" />
  <meta name='ocr-system' content='tesseract 3.04.00' />
  <meta name='ocr-capabilities' content='ocr_page ocr_carea ocr_par ocr_line ocrx_word'/>
</head>
<body>
  <div class='ocr_page' id='page_1' title='image "./supplementumlex00paucgoog_0241.png"; bbox 0 0 3000 4942; ppageno 0'>
   <div class='ocr_carea' id='block_1_1' title="bbox 639 389 871 453">
    <p class='ocr_par' dir='ltr' id='par_1_1' title="bbox 639 389 871 453">
     <span class='ocr_line' id='line_1_1' title="bbox 639 389 871 453; baseline 0 -1"><span class='ocrx_word' id='word_1_1' title='bbox 639 389 871 453; x_wconf 76' lang='lat'>-234-</span> 
     </span>
    </p>
   </div>
   <div class='ocr_carea' id='block_1_2' title="bbox 93 571 1298 1014">
    <p class='ocr_par' dir='ltr' id='par_1_2' title="bbox 221 571 1298 779">
     <span class='ocr_line' id='line_1_2' title="bbox 222 571 1297 662; baseline -0.004 -22"><span class='ocrx_word' id='word_1_2' title='bbox 222 574 344 656; x_wconf 81' lang='lat' dir='ltr'><strong><em>cardui,</em></strong></span> <span class='ocrx_word' id='word_1_3' title='bbox 368 576 454 642; x_wconf 79' lang='lat' dir='ltr'><strong><em>Cass.</em></strong></span> <span class='ocrx_word' id='word_1_4' title='bbox 480 574 544 641; x_wconf 82' lang='lat' dir='ltr'><strong><em>Fsl.</em></strong></span> <span class='ocrx_word' id='word_1_5' title='bbox 567 575 609 641; x_wconf 88' lang='grc'><strong><em>39</em></strong></span> <span class='ocrx_word' id='word_1_6' title='bbox 631 597 759 662; x_wconf 75' lang='lat' dir='ltr'><strong><em>oryzam</em></strong></span> <span class='ocrx_word' id='word_1_7' title='bbox 782 573 945 652; x_wconf 80' lang='lat' dir='ltr'><strong><em>elisatam,</em></strong></span> <span class='ocrx_word' id='word_1_8' title='bbox 968 575 1006 638; x_wconf 85' lang='lat'><strong><em>61</em></strong></span> <span class='ocrx_word' id='word_1_9' title='bbox 1031 593 1063 656; x_wconf 93' lang='lat' dir='ltr'><strong><em>p.</em></strong></span> <span class='ocrx_word' id='word_1_10' title='bbox 1085 573 1155 646; x_wconf 80' lang='lat'>150.</span> <span class='ocrx_word' id='word_1_11' title='bbox 1179 571 1297 655; x_wconf 82' lang='lat' dir='ltr'><strong>Pomp.</strong></span> 
     </span>
     <span class='ocr_line' id='line_1_3' title="bbox 221 689 1298 779; baseline -0.003 -20"><span class='ocrx_word' id='word_1_12' title='bbox 221 716 251 779; x_wconf 89' lang='lat' dir='ltr'><strong><em>p.</em></strong></span> <span class='ocrx_word' id='word_1_13' title='bbox 269 696 384 774; x_wconf 72' lang='lat'>23911,</span> <span class='ocrx_word' id='word_1_14' title='bbox 406 693 526 761; x_wconf 76' lang='lat' dir='ltr'><strong><em>Mustio</em></strong></span> <span class='ocrx_word' id='word_1_15' title='bbox 540 713 670 777; x_wconf 78' lang='lat' dir='ltr'><strong><em>gynoeo.</em></strong></span> <span class='ocrx_word' id='word_1_16' title='bbox 687 694 726 772; x_wconf 89' lang='grc' dir='ltr'>Π,</span> <span class='ocrx_word' id='word_1_17' title='bbox 745 694 783 757; x_wconf 89' lang='grc'><strong><em>13</em></strong></span> <span class='ocrx_word' id='word_1_18' title='bbox 806 714 868 757; x_wconf 94' lang='lat' dir='ltr'><strong><em>oua</em></strong></span> <span class='ocrx_word' id='word_1_19' title='bbox 890 703 920 755; x_wconf 93' lang='lat' dir='ltr'><strong><em>et</em></strong></span> <span class='ocrx_word' id='word_1_20' title='bbox 938 690 1099 777; x_wconf 83' lang='lat' dir='ltr'><strong><em>palmulas</em></strong></span> <span class='ocrx_word' id='word_1_21' title='bbox 1121 690 1169 756; x_wconf 85' lang='lat' dir='ltr'><strong><em>iln&#39;</em></strong></span> <span class='ocrx_word' id='word_1_22' title='bbox 1191 689 1298 756; x_wconf 82' lang='lat' dir='ltr'><strong><em>eliaa-</em></strong></span> 
     </span>
    </p>

    <p class='ocr_par' dir='ltr' id='par_1_3' title="bbox 93 807 1297 1014">
     <span class='ocr_line' id='line_1_4' title="bbox 93 807 1297 895; baseline -0.008 -13"><span class='ocrx_word' id='word_1_23' title='bbox 93 877 95 882; x_wconf 91' lang='lat'><em>.</em></span> <span class='ocrx_word' id='word_1_24' title='bbox 221 837 290 878; x_wconf 89' lang='lat' dir='ltr'><strong><em>mus</em></strong></span> <span class='ocrx_word' id='word_1_25' title='bbox 312 813 368 895; x_wconf 73' lang='lat' dir='ltr'><strong><em>ei,</em></strong></span> <span class='ocrx_word' id='word_1_26' title='bbox 396 812 536 878; x_wconf 80' lang='lat' dir='ltr'><strong><em>Anthim.</em></strong></span> <span class='ocrx_word' id='word_1_27' title='bbox 563 814 601 877; x_wconf 84' lang='lat'><strong><em>14</em></strong></span> <span class='ocrx_word' id='word_1_28' title='bbox 632 811 782 876; x_wconf 69' lang='lat' dir='ltr'><strong><em>elimatum</em></strong></span> <span class='ocrx_word' id='word_1_29' title='bbox 812 811 936 876; x_wconf 88' lang='lat' dir='ltr'><strong><em>lardum</em></strong></span> <span class='ocrx_word' id='word_1_30' title='bbox 961 858 999 875; x_wconf 89' lang='lat'><strong><em>..</em></strong></span> <span class='ocrx_word' id='word_1_31' title='bbox 1027 816 1081 874; x_wconf 88' lang='lat' dir='ltr'><strong><em>sed</em></strong></span> <span class='ocrx_word' id='word_1_32' title='bbox 1104 810 1174 874; x_wconf 85' lang='lat' dir='ltr'><strong><em>bene</em></strong></span> <span class='ocrx_word' id='word_1_33' title='bbox 1203 807 1297 873; x_wconf 84' lang='lat' dir='ltr'><strong><em>debet</em></strong></span> 
     </span>
     <span class='ocr_line' id='line_1_5' title="bbox 221 929 759 1014; baseline -0.002 -19"><span class='ocrx_word' id='word_1_34' title='bbox 221 933 350 1012; x_wconf 74' lang='lat' dir='ltr'><strong><em>elimari,</em></strong></span> <span class='ocrx_word' id='word_1_35' title='bbox 372 932 415 998; x_wconf 85' lang='lat' dir='ltr'><strong><em>id.</em></strong></span> <span class='ocrx_word' id='word_1_36' title='bbox 440 934 491 1011; x_wconf 84' lang='lat'><strong><em>54,</em></strong></span> <span class='ocrx_word' id='word_1_37' title='bbox 515 932 565 1010; x_wconf 89' lang='grc'><strong><em>81,</em></strong></span> <span class='ocrx_word' id='word_1_38' title='bbox 589 931 641 1011; x_wconf 83' lang='grc'>83,</span> <span class='ocrx_word' id='word_1_39' title='bbox 663 929 759 1014; x_wconf 77' lang='lat' dir='ltr'><strong><em>gloss.</em></strong></span> 
     </span>
    </p>
   </div>
   <div class='ocr_carea' id='block_1_3' title="bbox 300 1096 1174 1188">
    <p class='ocr_par' dir='ltr' id='par_1_4' title="bbox 300 1096 1174 1188">
     <span class='ocr_line' id='line_1_6' title="bbox 300 1096 1174 1188; baseline -0.003 -23"><span class='ocrx_word' id='word_1_40' title='bbox 300 1100 521 1188; x_wconf 74' lang='lat' dir='ltr'><strong><em>etonqatiet</em></strong></span> <span class='ocrx_word' id='word_1_41' title='bbox 544 1106 627 1165; x_wconf 82' lang='lat' dir='ltr'><strong><em>suot.</em></strong></span> <span class='ocrx_word' id='word_1_42' title='bbox 650 1098 812 1166; x_wconf 82' lang='lat' dir='ltr'><strong><em>Praedest.</em></strong></span> <span class='ocrx_word' id='word_1_43' title='bbox 836 1097 892 1177; x_wconf 91' lang='grc' dir='ltr'>ΙΙΙ,</span> <span class='ocrx_word' id='word_1_44' title='bbox 916 1101 935 1162; x_wconf 88' lang='grc'>9</span> <span class='ocrx_word' id='word_1_45' title='bbox 958 1117 983 1162; x_wconf 81' lang='lat' dir='ltr'><strong><em>s.</em></strong></span> <span class='ocrx_word' id='word_1_46' title='bbox 1006 1096 1038 1178; x_wconf 81' lang='grc'><strong><em>1.,</em></strong></span> <span class='ocrx_word' id='word_1_47' title='bbox 1062 1096 1174 1164; x_wconf 85' lang='lat' dir='ltr'><strong><em>Boeth.</em></strong></span> 
     </span>
    </p>
   </div>
   <div class='ocr_carea' id='block_1_4' title="bbox 174 1265 1294 2069">
    <p class='ocr_par' dir='ltr' id='par_1_5' title="bbox 299 1265 1293 1355">
     <span class='ocr_line' id='line_1_7' title="bbox 299 1265 1293 1355; baseline -0.004 -18"><span class='ocrx_word' id='word_1_48' title='bbox 299 1269 544 1354; x_wconf 67' lang='lat' dir='ltr'><strong><em>*eloquium</em></strong></span> <span class='ocrx_word' id='word_1_49' title='bbox 579 1294 607 1355; x_wconf 84' lang='lat' dir='ltr'><strong><em>q.</em></strong></span> <span class='ocrx_word' id='word_1_50' title='bbox 641 1269 790 1348; x_wconf 80' lang='lat' dir='ltr'><strong><em>effatum,</em></strong></span> <span class='ocrx_word' id='word_1_51' title='bbox 824 1265 1008 1351; x_wconf 83' lang='lat' dir='ltr'><strong><em>Ausspruoh</em></strong></span> <span class='ocrx_word' id='word_1_52' title='bbox 1042 1266 1128 1332; x_wconf 87' lang='lat' dir='ltr'><strong><em>Tert.</em></strong></span> <span class='ocrx_word' id='word_1_53' title='bbox 1158 1267 1293 1348; x_wconf 78' lang='lat' dir='ltr'><strong><em>oraculi,</em></strong></span> 
     </span>
    </p>

    <p class='ocr_par' dir='ltr' id='par_1_6' title="bbox 221 1387 1294 1476">
     <span class='ocr_line' id='line_1_8' title="bbox 221 1387 1294 1476; baseline -0.004 -22"><span class='ocrx_word' id='word_1_54' title='bbox 221 1389 307 1456; x_wconf 83' lang='lat' dir='ltr'><strong>Hier.</strong></span> <span class='ocrx_word' id='word_1_55' title='bbox 330 1391 363 1454; x_wconf 90' lang='lat' dir='ltr'><strong><em>in</em></strong></span> <span class='ocrx_word' id='word_1_56' title='bbox 385 1389 451 1456; x_wconf 87' lang='lat' dir='ltr'><strong><em>Ioel</em></strong></span> <span class='ocrx_word' id='word_1_57' title='bbox 473 1391 503 1469; x_wconf 87' lang='grc'><strong><em>3,</em></strong></span> <span class='ocrx_word' id='word_1_58' title='bbox 526 1392 547 1453; x_wconf 89' lang='grc'><strong>4</strong></span> <span class='ocrx_word' id='word_1_59' title='bbox 569 1389 694 1476; x_wconf 82' lang='lat' dir='ltr'><strong><em>eloquia</em></strong></span> <span class='ocrx_word' id='word_1_60' title='bbox 716 1390 949 1474; x_wconf 81' lang='lat' dir='ltr'><strong><em>seripturarum</em></strong></span> <span class='ocrx_word' id='word_1_61' title='bbox 971 1399 999 1449; x_wconf 91' lang='lat' dir='ltr'><strong><em>et</em></strong></span> <span class='ocrx_word' id='word_1_62' title='bbox 1022 1387 1162 1474; x_wconf 70' lang='grc' dir='ltr'><em>νοήματα</em></span> <span class='ocrx_word' id='word_1_63' title='bbox 1184 1387 1223 1449; x_wconf 88' lang='lat' dir='ltr'><strong><em>id</em></strong></span> <span class='ocrx_word' id='word_1_64' title='bbox 1245 1400 1294 1450; x_wconf 89' lang='lat' dir='ltr'><strong><em>est</em></strong></span> 
     </span>
    </p>

    <p class='ocr_par' dir='ltr' id='par_1_7' title="bbox 174 1503 1294 1590">
     <span class='ocr_line' id='line_1_9' title="bbox 174 1503 1294 1590; baseline -0.002 -18"><span class='ocrx_word' id='word_1_65' title='bbox 174 1561 177 1572; x_wconf 93' lang='lat'>.</span> <span class='ocrx_word' id='word_1_66' title='bbox 221 1510 403 1588; x_wconf 85' lang='lat' dir='ltr'><strong><em>sententias,</em></strong></span> <span class='ocrx_word' id='word_1_67' title='bbox 433 1507 478 1573; x_wconf 85' lang='lat' dir='ltr'><strong><em>id.</em></strong></span> <span class='ocrx_word' id='word_1_68' title='bbox 501 1507 575 1573; x_wconf 79' lang='lat' dir='ltr'><strong><em>adu.</em></strong></span> <span class='ocrx_word' id='word_1_69' title='bbox 598 1506 702 1572; x_wconf 87' lang='lat' dir='ltr'><strong><em>Rufin.</em></strong></span> <span class='ocrx_word' id='word_1_70' title='bbox 725 1506 782 1586; x_wconf 91' lang='grc' dir='ltr'>ΙΙΙ,</span> <span class='ocrx_word' id='word_1_71' title='bbox 809 1509 823 1570; x_wconf 96' lang='lat' dir='ltr'>l</span> <span class='ocrx_word' id='word_1_72' title='bbox 860 1503 1040 1571; x_wconf 72' lang='lat' dir='ltr'><strong><em>Salinatoris</em></strong></span> <span class='ocrx_word' id='word_1_73' title='bbox 1066 1505 1222 1590; x_wconf 69' lang='lat' dir='ltr'><strong><em>elerqm‘um</em></strong></span> <span class='ocrx_word' id='word_1_74' title='bbox 1246 1506 1294 1570; x_wconf 89' lang='lat' dir='ltr'><strong><em>di·</em></strong></span> 
     </span>
    </p>

    <p class='ocr_par' dir='ltr' id='par_1_8' title="bbox 221 1623 1294 1709">
     <span class='ocr_line' id='line_1_10' title="bbox 221 1623 1294 1709; baseline 0 -20"><span class='ocrx_word' id='word_1_75' title='bbox 221 1628 318 1691; x_wconf 85' lang='lat' dir='ltr'><strong><em>sentis</em></strong></span> <span class='ocrx_word' id='word_1_76' title='bbox 341 1674 348 1691; x_wconf 92' lang='lat'><strong>.</strong></span> <span class='ocrx_word' id='word_1_77' title='bbox 373 1674 380 1691; x_wconf 92' lang='lat'><strong>.</strong></span> <span class='ocrx_word' id='word_1_78' title='bbox 405 1625 516 1709; x_wconf 80' lang='lat' dir='ltr'><strong><em>(Maro.</em></strong></span> <span class='ocrx_word' id='word_1_79' title='bbox 540 1629 570 1705; x_wconf 83' lang='lat'><strong><em>9,</em></strong></span> <span class='ocrx_word' id='word_1_80' title='bbox 593 1627 648 1709; x_wconf 88' lang='grc'><strong><em>41)</em></strong></span> <span class='ocrx_word' id='word_1_81' title='bbox 671 1625 722 1704; x_wconf 58' lang='lat' dir='ltr'><strong><em>al„</em></strong></span> <span class='ocrx_word' id='word_1_82' title='bbox 746 1624 849 1690; x_wconf 90' lang='lat' dir='ltr'><strong><em>Rufin.</em></strong></span> <span class='ocrx_word' id='word_1_83' title='bbox 873 1624 904 1689; x_wconf 86' lang='lat' dir='ltr'><strong><em>h.</em></strong></span> <span class='ocrx_word' id='word_1_84' title='bbox 928 1623 1002 1690; x_wconf 85' lang='lat' dir='ltr'><strong><em>eool.</em></strong></span> <span class='ocrx_word' id='word_1_85' title='bbox 1019 1624 1058 1700; x_wconf 86' lang='lat' dir='ltr'><strong><em>X,</em></strong></span> <span class='ocrx_word' id='word_1_86' title='bbox 1086 1625 1122 1688; x_wconf 89' lang='lat'><strong><em>14</em></strong></span> <span class='ocrx_word' id='word_1_87' title='bbox 1145 1625 1294 1689; x_wconf 86' lang='lat' dir='ltr'><strong><em>diuinum</em></strong></span> 
     </span>
    </p>

    <p class='ocr_par' dir='ltr' id='par_1_9' title="bbox 220 1740 1293 1832">
     <span class='ocr_line' id='line_1_11' title="bbox 220 1740 1293 1832; baseline 0.001 -23"><span class='ocrx_word' id='word_1_88' title='bbox 220 1746 304 1809; x_wconf 76' lang='lat' dir='ltr'><strong><em>illud</em></strong></span> <span class='ocrx_word' id='word_1_89' title='bbox 331 1745 486 1832; x_wconf 80' lang='lat' dir='ltr'><strong><em>eloquium</em></strong></span> <span class='ocrx_word' id='word_1_90' title='bbox 515 1744 577 1828; x_wconf 80' lang='lat' dir='ltr'><strong><em>(Po.</em></strong></span> <span class='ocrx_word' id='word_1_91' title='bbox 602 1746 652 1824; x_wconf 80' lang='lat'><strong><em>26,</em></strong></span> <span class='ocrx_word' id='word_1_92' title='bbox 676 1743 710 1826; x_wconf 88' lang='grc'><strong><em>3)</em></strong></span> <span class='ocrx_word' id='word_1_93' title='bbox 733 1743 790 1823; x_wconf 86' lang='lat' dir='ltr'><strong><em>s1.‚</em></strong></span> <span class='ocrx_word' id='word_1_94' title='bbox 818 1742 915 1826; x_wconf 84' lang='lat' dir='ltr'><strong><em>intpr.</em></strong></span> <span class='ocrx_word' id='word_1_95' title='bbox 941 1740 1025 1825; x_wconf 84' lang='lat' dir='ltr'><strong><em>Orig.</em></strong></span> <span class='ocrx_word' id='word_1_96' title='bbox 1048 1743 1080 1807; x_wconf 89' lang='lat' dir='ltr'><strong><em>in</em></strong></span> <span class='ocrx_word' id='word_1_97' title='bbox 1110 1741 1225 1808; x_wconf 82' lang='lat' dir='ltr'><strong><em>Matth.</em></strong></span> <span class='ocrx_word' id='word_1_98' title='bbox 1251 1745 1293 1810; x_wconf 81' lang='lat'><strong><em>15</em></strong></span> 
     </span>
    </p>

    <p class='ocr_par' dir='ltr' id='par_1_10' title="bbox 220 1859 1289 2069">
     <span class='ocr_line' id='line_1_12' title="bbox 221 1859 1289 1948; baseline -0.001 -19"><span class='ocrx_word' id='word_1_99' title='bbox 221 1863 420 1929; x_wconf 74' lang='lat' dir='ltr'><strong><em>altitudinem</em></strong></span> <span class='ocrx_word' id='word_1_100' title='bbox 443 1860 623 1928; x_wconf 81' lang='lat' dir='ltr'><strong><em>diuinorum</em></strong></span> <span class='ocrx_word' id='word_1_101' title='bbox 645 1863 849 1948; x_wconf 77' lang='lat' dir='ltr'><em>eloquiorum,</em></span> <span class='ocrx_word' id='word_1_102' title='bbox 873 1881 967 1928; x_wconf 79' lang='lat' dir='ltr'><strong><em>anon.</em></strong></span> <span class='ocrx_word' id='word_1_103' title='bbox 990 1862 1023 1926; x_wconf 89' lang='lat' dir='ltr'><strong><em>in</em></strong></span> <span class='ocrx_word' id='word_1_104' title='bbox 1045 1859 1102 1928; x_wconf 93' lang='lat' dir='ltr'><strong><em>Iob</em></strong></span> <span class='ocrx_word' id='word_1_105' title='bbox 1125 1861 1155 1926; x_wconf 92' lang='lat' dir='ltr'><strong><em>II</em></strong></span> <span class='ocrx_word' id='word_1_106' title='bbox 1177 1882 1209 1945; x_wconf 87' lang='lat' dir='ltr'><strong><em>p.</em></strong></span> <span class='ocrx_word' id='word_1_107' title='bbox 1230 1865 1289 1928; x_wconf 82' lang='lat'><strong><em>181</em></strong></span> 
     </span>
     <span class='ocr_line' id='line_1_13' title="bbox 220 1979 1158 2069; baseline 0.001 -24"><span class='ocrx_word' id='word_1_108' title='bbox 220 2005 291 2046; x_wconf 88' lang='lat' dir='ltr'><strong><em>oum</em></strong></span> <span class='ocrx_word' id='word_1_109' title='bbox 309 1993 525 2069; x_wconf 73' lang='lat' dir='ltr'><strong><em>prouocantur</em></strong></span> <span class='ocrx_word' id='word_1_110' title='bbox 546 1980 653 2046; x_wconf 78' lang='lat' dir='ltr'><strong><em>uerbis</em></strong></span> <span class='ocrx_word' id='word_1_111' title='bbox 675 1993 768 2068; x_wconf 79' lang='lat' dir='ltr'><strong><em>atque</em></strong></span> <span class='ocrx_word' id='word_1_112' title='bbox 789 1979 993 2046; x_wconf 85' lang='lat' dir='ltr'><strong><em>adnwnentur</em></strong></span> <span class='ocrx_word' id='word_1_113' title='bbox 1015 1980 1158 2067; x_wconf 83' lang='lat' dir='ltr'><strong><em>eloquiis.</em></strong></span> 
     </span>
    </p>
   </div>
   <div class='ocr_carea' id='block_1_5' title="bbox 299 2150 729 2217">
    <p class='ocr_par' dir='ltr' id='par_1_11' title="bbox 299 2150 729 2217">
     <span class='ocr_line' id='line_1_14' title="bbox 299 2150 729 2217; baseline -0.002 -1"><span class='ocrx_word' id='word_1_114' title='bbox 299 2152 521 2217; x_wconf 79' lang='lat' dir='ltr'><strong><em>elucidare:</em></strong></span> <span class='ocrx_word' id='word_1_115' title='bbox 549 2150 612 2217; x_wconf 88' lang='lat' dir='ltr'><strong><em>uid.</em></strong></span> <span class='ocrx_word' id='word_1_116' title='bbox 637 2153 729 2216; x_wconf 76' lang='lat'>1471.</span> 
     </span>
    </p>
   </div>
   <div class='ocr_carea' id='block_1_6' title="bbox 298 2319 1381 2425">
    <p class='ocr_par' dir='ltr' id='par_1_12' title="bbox 298 2319 1381 2425">
     <span class='ocr_line' id='line_1_15' title="bbox 298 2319 1381 2425; baseline -0.002 -19"><span class='ocrx_word' id='word_1_117' title='bbox 298 2323 538 2406; x_wconf 72' lang='lat' dir='ltr'><strong><em>elucubratio:</em></strong></span> <span class='ocrx_word' id='word_1_118' title='bbox 566 2339 651 2405; x_wconf 72' lang='lat' dir='ltr'><strong><em>Hier.</em></strong></span> <span class='ocrx_word' id='word_1_119' title='bbox 676 2341 718 2425; x_wconf 74' lang='lat' dir='ltr'><strong><em>a)</em></strong></span> <span class='ocrx_word' id='word_1_120' title='bbox 748 2339 790 2405; x_wconf 73' lang='lat' dir='ltr'><strong><em>aa</em></strong></span> <span class='ocrx_word' id='word_1_121' title='bbox 818 2341 1190 2424; x_wconf 78' lang='lat' dir='ltr'><strong><em>am.asgr.ep.11,17</em></strong></span> <span class='ocrx_word' id='word_1_122' title='bbox 1226 2339 1294 2405; x_wconf 64' lang='lat' dir='ltr'><strong><em>tue</em></strong></span> <span class='ocrx_word' id='word_1_123' title='bbox 1375 2319 1381 2334; x_wconf 85' lang='lat'>&#39;</span> 
     </span>
    </p>
   </div>
   <div class='ocr_carea' id='block_1_7' title="bbox 220 2459 1296 3140">
    <p class='ocr_par' dir='ltr' id='par_1_13' title="bbox 220 2459 1296 3140">
     <span class='ocr_line' id='line_1_16' title="bbox 221 2459 1294 2542; baseline 0.003 -19"><span class='ocrx_word' id='word_1_124' title='bbox 221 2459 354 2525; x_wconf 86' lang='lat' dir='ltr'><strong><em>alieuius</em></strong></span> <span class='ocrx_word' id='word_1_125' title='bbox 388 2460 495 2524; x_wconf 86' lang='lat' dir='ltr'><strong><em>labore</em></strong></span> <span class='ocrx_word' id='word_1_126' title='bbox 528 2459 785 2538; x_wconf 67' lang='lat' dir='ltr'><strong><em>elucubrationis,</em></strong></span> <span class='ocrx_word' id='word_1_127' title='bbox 819 2459 943 2526; x_wconf 82' lang='lat' dir='ltr'><strong><em>Ennod.</em></strong></span> <span class='ocrx_word' id='word_1_128' title='bbox 971 2460 1046 2525; x_wconf 77' lang='lat' dir='ltr'><strong><em>diet</em></strong></span> <span class='ocrx_word' id='word_1_129' title='bbox 1074 2461 1109 2522; x_wconf 80' lang='lat'><strong><em>12</em></strong></span> <span class='ocrx_word' id='word_1_130' title='bbox 1140 2459 1294 2542; x_wconf 78' lang='lat' dir='ltr'><strong><em>(mundae</em></strong></span> 
     </span>
     <span class='ocr_line' id='line_1_17' title="bbox 220 2577 1294 2663; baseline 0.002 -21"><span class='ocrx_word' id='word_1_131' title='bbox 220 2579 357 2644; x_wconf 86' lang='lat' dir='ltr'><strong><em>nitorem</em></strong></span> <span class='ocrx_word' id='word_1_132' title='bbox 380 2577 520 2643; x_wconf 81' lang='lat' dir='ltr'><strong><em>familiae</em></strong></span> <span class='ocrx_word' id='word_1_133' title='bbox 542 2577 702 2644; x_wconf 80' lang='lat' dir='ltr'><strong><em>seruando</em></strong></span> <span class='ocrx_word' id='word_1_134' title='bbox 726 2579 895 2644; x_wconf 82' lang='lat' dir='ltr'><strong><em>obscenam</em></strong></span> <span class='ocrx_word' id='word_1_135' title='bbox 918 2579 1100 2663; x_wconf 84' lang='lat' dir='ltr'><strong><em>prosapiem</em></strong></span> <span class='ocrx_word' id='word_1_136' title='bbox 1120 2580 1294 2662; x_wconf 78' lang='lat' dir='ltr'><strong><em>peregrine</em></strong></span> 
     </span>
     <span class='ocr_line' id='line_1_18' title="bbox 220 2695 1294 2782; baseline 0.005 -22"><span class='ocrx_word' id='word_1_137' title='bbox 220 2695 290 2762; x_wconf 88' lang='lat' dir='ltr'><strong><em>luce</em></strong></span> <span class='ocrx_word' id='word_1_138' title='bbox 312 2695 512 2781; x_wconf 87' lang='lat' dir='ltr'><strong><em>perfunditis.</em></strong></span> <span class='ocrx_word' id='word_1_139' title='bbox 551 2699 618 2763; x_wconf 89' lang='lat' dir='ltr'><strong><em>Deo</em></strong></span> <span class='ocrx_word' id='word_1_140' title='bbox 635 2698 785 2782; x_wconf 82' lang='lat' dir='ltr'><strong><em>proxima</em></strong></span> <span class='ocrx_word' id='word_1_141' title='bbox 806 2719 858 2764; x_wconf 86' lang='lat' dir='ltr'><strong><em>res</em></strong></span> <span class='ocrx_word' id='word_1_142' title='bbox 881 2706 930 2763; x_wconf 84' lang='lat' dir='ltr'><strong><em>oet</em></strong></span> <span class='ocrx_word' id='word_1_143' title='bbox 951 2703 1060 2764; x_wconf 85' lang='lat' dir='ltr'><strong><em>uestro</em></strong></span> <span class='ocrx_word' id='word_1_144' title='bbox 1077 2697 1180 2763; x_wconf 82' lang='lat' dir='ltr'><strong><em>infuse</em></strong></span> <span class='ocrx_word' id='word_1_145' title='bbox 1196 2699 1294 2765; x_wconf 85' lang='lat' dir='ltr'><strong><em>bono·</em></strong></span> 
     </span>
     <span class='ocr_line' id='line_1_19' title="bbox 220 2816 1296 2904; baseline 0.002 -22"><span class='ocrx_word' id='word_1_146' title='bbox 220 2816 316 2899; x_wconf 87' lang='lat' dir='ltr'><strong><em>ficio,)</em></strong></span> <span class='ocrx_word' id='word_1_147' title='bbox 346 2822 419 2880; x_wconf 89' lang='lat' dir='ltr'><strong><em>dum</em></strong></span> <span class='ocrx_word' id='word_1_148' title='bbox 441 2840 637 2902; x_wconf 85' lang='lat' dir='ltr'><strong><em>percursus</em></strong></span> <span class='ocrx_word' id='word_1_149' title='bbox 664 2816 909 2882; x_wconf 77' lang='lat' dir='ltr'><strong><em>elucubrationis</em></strong></span> <span class='ocrx_word' id='word_1_150' title='bbox 933 2817 1087 2897; x_wconf 72' lang='lat' dir='ltr'><strong><em>traditae,</em></strong></span> <span class='ocrx_word' id='word_1_151' title='bbox 1117 2841 1153 2880; x_wconf 91' lang='lat' dir='ltr'><strong><em>ne</em></strong></span> <span class='ocrx_word' id='word_1_152' title='bbox 1183 2819 1296 2904; x_wconf 84' lang='lat' dir='ltr'><strong><em>optimi</em></strong></span> 
     </span>
     <span class='ocr_line' id='line_1_20' title="bbox 222 2934 1295 3022; baseline 0.005 -24"><span class='ocrx_word' id='word_1_153' title='bbox 222 2936 415 3022; x_wconf 71' lang='lat' dir='ltr'><strong><em>deyenerent,</em></strong></span> <span class='ocrx_word' id='word_1_154' title='bbox 444 2947 473 2998; x_wconf 93' lang='lat' dir='ltr'><strong><em>et</em></strong></span> <span class='ocrx_word' id='word_1_155' title='bbox 494 2948 530 3000; x_wconf 89' lang='lat' dir='ltr'><strong><em>ut</em></strong></span> <span class='ocrx_word' id='word_1_156' title='bbox 552 2934 630 3000; x_wconf 86' lang='lat' dir='ltr'><strong><em>meli</em></strong></span> <span class='ocrx_word' id='word_1_157' title='bbox 650 2935 845 3022; x_wconf 59' lang='lat' dir='ltr'><strong><em>desererent,</em></strong></span> <span class='ocrx_word' id='word_1_158' title='bbox 874 2936 968 3001; x_wconf 86' lang='lat' dir='ltr'><strong><em>salua</em></strong></span> <span class='ocrx_word' id='word_1_159' title='bbox 991 2949 1187 3003; x_wconf 72' lang='lat' dir='ltr'><strong><em>stemmatum</em></strong></span> <span class='ocrx_word' id='word_1_160' title='bbox 1210 2941 1295 3003; x_wconf 85' lang='lat' dir='ltr'><strong><em>ueri·</em></strong></span> 
     </span>
     <span class='ocr_line' id='line_1_21' title="bbox 221 3056 524 3140; baseline 0 -21"><span class='ocrx_word' id='word_1_161' title='bbox 221 3067 283 3119; x_wconf 90' lang='lat' dir='ltr'><strong><em>tate</em></strong></span> <span class='ocrx_word' id='word_1_162' title='bbox 302 3065 499 3140; x_wconf 71' lang='lat' dir='ltr'><strong><em>praestatur.</em></strong></span> <span class='ocrx_word' id='word_1_163' title='bbox 523 3056 524 3060; x_wconf 65' lang='grc'>’</span> 
     </span>
    </p>
   </div>
   <div class='ocr_carea' id='block_1_8' title="bbox 55 3224 1294 3504">
    <p class='ocr_par' dir='ltr' id='par_1_14' title="bbox 18 3224 1294 3504">
     <span class='ocr_line' id='line_1_22' title="bbox 296 3224 1294 3328; baseline 0.002 -20"><span class='ocrx_word' id='word_1_164' title='bbox 296 3224 510 3316; x_wconf 79' lang='lat' dir='ltr'><strong><em>stuittoul:</em></strong></span> <span class='ocrx_word' id='word_1_165' title='bbox 539 3243 692 3326; x_wconf 89' lang='lat' dir='ltr'><strong><em>Porphyr.</em></strong></span> <span class='ocrx_word' id='word_1_166' title='bbox 709 3244 751 3308; x_wconf 86' lang='lat' dir='ltr'><strong><em>sd</em></strong></span> <span class='ocrx_word' id='word_1_167' title='bbox 767 3244 845 3308; x_wconf 87' lang='lat' dir='ltr'><strong><em>Hor.</em></strong></span> <span class='ocrx_word' id='word_1_168' title='bbox 861 3264 910 3328; x_wconf 88' lang='lat' dir='ltr'><strong><em>ep.</em></strong></span> <span class='ocrx_word' id='word_1_169' title='bbox 929 3247 969 3322; x_wconf 92' lang='lat'><strong><em>11,</em></strong></span> <span class='ocrx_word' id='word_1_170' title='bbox 993 3246 1022 3324; x_wconf 80' lang='lat'><strong><em>2,</em></strong></span> <span class='ocrx_word' id='word_1_171' title='bbox 1047 3246 1108 3309; x_wconf 83' lang='lat'><strong><em>215</em></strong></span> <span class='ocrx_word' id='word_1_172' title='bbox 1131 3269 1167 3308; x_wconf 86' lang='lat' dir='ltr'><strong><em>ne</em></strong></span> <span class='ocrx_word' id='word_1_173' title='bbox 1190 3293 1197 3310; x_wconf 88' lang='lat'><strong>.</strong></span> <span class='ocrx_word' id='word_1_174' title='bbox 1223 3291 1230 3308; x_wconf 91' lang='lat'><strong>.</strong></span> <span class='ocrx_word' id='word_1_175' title='bbox 1254 3247 1294 3310; x_wconf 82' lang='lat' dir='ltr'><strong><em>ob</em></strong></span> 
     </span>
     <span class='ocr_line' id='line_1_23' title="bbox 55 3355 1293 3504; baseline 0.002 -76.913"><span class='ocrx_word' id='word_1_176' title='bbox 55 3406 157 3504; x_wconf 18' lang='lat' dir='ltr'><strong><em>Q&amp;</em></strong></span> <span class='ocrx_word' id='word_1_177' title='bbox 221 3361 427 3436; x_wconf 74' lang='lat' dir='ltr'><strong><em>landelinum</em></strong></span> <span class='ocrx_word' id='word_1_178' title='bbox 450 3386 551 3428; x_wconf 88' lang='lat' dir='ltr'><strong><em>senem</em></strong></span> <span class='ocrx_word' id='word_1_179' title='bbox 574 3363 701 3428; x_wconf 87' lang='lat' dir='ltr'><strong><em>iuuenes</em></strong></span> <span class='ocrx_word' id='word_1_180' title='bbox 718 3355 935 3466; x_wconf 59' lang='lat' dir='ltr'><strong><em>Qd</em></strong></span> <span class='ocrx_word' id='word_1_181' title='bbox 951 3363 1143 3448; x_wconf 76' lang='lat' dir='ltr'><strong><em>habeantque</em></strong></span> <span class='ocrx_word' id='word_1_182' title='bbox 1160 3361 1293 3430; x_wconf 87' lang='lat' dir='ltr'><strong><em>derisui.</em></strong></span> 
     </span>
    </p>
   </div>
   <div class='ocr_carea' id='block_1_9' title="bbox 222 3553 1293 3784">
    <p class='ocr_par' dir='ltr' id='par_1_15' title="bbox 222 3553 1293 3784">
     <span class='ocr_line' id='line_1_24' title="bbox 298 3553 1293 3654; baseline -0.002 -20"><span class='ocrx_word' id='word_1_183' title='bbox 298 3553 432 3635; x_wconf 77' lang='lat' dir='ltr'><strong><em>elusio:</em></strong></span> <span class='ocrx_word' id='word_1_184' title='bbox 459 3569 553 3653; x_wconf 83' lang='lat' dir='ltr'><strong><em>intpr.</em></strong></span> <span class='ocrx_word' id='word_1_185' title='bbox 582 3569 665 3634; x_wconf 77' lang='lat' dir='ltr'><strong><em>Iron.</em></strong></span> <span class='ocrx_word' id='word_1_186' title='bbox 689 3570 730 3644; x_wconf 86' lang='grc'><strong><em>11,</em></strong></span> <span class='ocrx_word' id='word_1_187' title='bbox 757 3570 808 3647; x_wconf 89' lang='grc'><strong><em>31,</em></strong></span> <span class='ocrx_word' id='word_1_188' title='bbox 832 3569 850 3632; x_wconf 79' lang='lat'><strong>2</strong></span> <span class='ocrx_word' id='word_1_189' title='bbox 878 3591 938 3654; x_wconf 84' lang='lat' dir='ltr'><strong><em>per</em></strong></span> <span class='ocrx_word' id='word_1_190' title='bbox 966 3569 1108 3653; x_wconf 62' lang='lat' dir='ltr'><strong><em>mafflieas</em></strong></span> <span class='ocrx_word' id='word_1_191' title='bbox 1137 3567 1293 3632; x_wconf 85' lang='lat' dir='ltr'><strong><em>elusiones</em></strong></span> 
     </span>
     <span class='ocr_line' id='line_1_25' title="bbox 222 3684 1242 3784; baseline -0.003 -31"><span class='ocrx_word' id='word_1_192' title='bbox 222 3701 250 3753; x_wconf 92' lang='lat' dir='ltr'><strong><em>et</em></strong></span> <span class='ocrx_word' id='word_1_193' title='bbox 272 3691 426 3753; x_wconf 86' lang='lat' dir='ltr'><strong><em>uniuersa</em></strong></span> <span class='ocrx_word' id='word_1_194' title='bbox 446 3688 577 3772; x_wconf 78' lang='lat' dir='ltr'><strong><em>fraude,</em></strong></span> <span class='ocrx_word' id='word_1_195' title='bbox 600 3689 642 3772; x_wconf 79' lang='lat' dir='ltr'><strong><em>gl.</em></strong></span> <span class='ocrx_word' id='word_1_196' title='bbox 666 3689 721 3754; x_wconf 81' lang='lat' dir='ltr'><strong><em>lut.</em></strong></span> <span class='ocrx_word' id='word_1_197' title='bbox 746 3707 792 3770; x_wconf 83' lang='lat' dir='ltr'><strong><em>gr.</em></strong></span> <span class='ocrx_word' id='word_1_198' title='bbox 817 3686 925 3762; x_wconf 82' lang='lat' dir='ltr'><strong><em>elusio,</em></strong></span> <span class='ocrx_word' id='word_1_199' title='bbox 948 3684 1131 3772; x_wconf 68' lang='grc' dir='ltr'><strong><em>ἐμπαιγμός.</em></strong></span> <span class='ocrx_word' id='word_1_200' title='bbox 1240 3780 1242 3784; x_wconf 86' lang='lat'>.</span> 
     </span>
    </p>
   </div>
   <div class='ocr_carea' id='block_1_10' title="bbox 170 3858 806 3942">
    <p class='ocr_par' dir='ltr' id='par_1_16' title="bbox 170 3858 806 3942">
     <span class='ocr_line' id='line_1_26' title="bbox 170 3858 806 3942; baseline 0.027 -7"><span class='ocrx_word' id='word_1_201' title='bbox 170 3875 221 3914; x_wconf 72' lang='lat'>1⁰⁶⁰</span> <span class='ocrx_word' id='word_1_202' title='bbox 297 3858 527 3941; x_wconf 83' lang='lat' dir='ltr'><strong><em>enstessers</em></strong></span> <span class='ocrx_word' id='word_1_203' title='bbox 553 3876 608 3942; x_wconf 80' lang='lat' dir='ltr'><strong><em>Th.</em></strong></span> <span class='ocrx_word' id='word_1_204' title='bbox 633 3875 744 3940; x_wconf 73' lang='lat' dir='ltr'><strong><em>Prien:</em></strong></span> <span class='ocrx_word' id='word_1_205' title='bbox 769 3874 806 3939; x_wconf 84' lang='lat' dir='ltr'><strong><em>A·</em></strong></span> 
     </span>
    </p>
   </div>
   <div class='ocr_carea' id='block_1_11' title="bbox 224 4044 1293 4252">
    <p class='ocr_par' dir='ltr' id='par_1_17' title="bbox 224 4044 1293 4252">
     <span class='ocr_line' id='line_1_27' title="bbox 301 4044 1293 4131; baseline -0.001 -22"><span class='ocrx_word' id='word_1_206' title='bbox 301 4047 506 4111; x_wconf 83' lang='lat' dir='ltr'><strong><em>emanatio:</em></strong></span> <span class='ocrx_word' id='word_1_207' title='bbox 534 4045 627 4128; x_wconf 65' lang='lat' dir='ltr'>Vulg„</span> <span class='ocrx_word' id='word_1_208' title='bbox 649 4044 735 4129; x_wconf 62' lang='lat' dir='ltr'><strong><em>Sep„</em></strong></span> <span class='ocrx_word' id='word_1_209' title='bbox 758 4044 857 4110; x_wconf 84' lang='lat' dir='ltr'><strong><em>Hilar.</em></strong></span> <span class='ocrx_word' id='word_1_210' title='bbox 882 4045 992 4128; x_wconf 82' lang='lat' dir='ltr'><strong><em>synod.</em></strong></span> <span class='ocrx_word' id='word_1_211' title='bbox 1016 4046 1058 4109; x_wconf 79' lang='lat'><strong><em>20</em></strong></span> <span class='ocrx_word' id='word_1_212' title='bbox 1086 4068 1145 4131; x_wconf 81' lang='lat' dir='ltr'><strong><em>per</em></strong></span> <span class='ocrx_word' id='word_1_213' title='bbox 1167 4065 1293 4108; x_wconf 87' lang='lat' dir='ltr'><strong><em>emana-</em></strong></span> 
     </span>
     <span class='ocr_line' id='line_1_28' title="bbox 224 4162 1292 4252; baseline -0.005 -24"><span class='ocrx_word' id='word_1_214' title='bbox 224 4167 335 4230; x_wconf 82' lang='lat' dir='ltr'><strong><em>tionem</em></strong></span> <span class='ocrx_word' id='word_1_215' title='bbox 356 4180 412 4228; x_wconf 89' lang='lat' dir='ltr'><strong><em>aut</em></strong></span> <span class='ocrx_word' id='word_1_216' title='bbox 437 4166 577 4252; x_wconf 80' lang='lat' dir='ltr'><strong><em>aliquam</em></strong></span> <span class='ocrx_word' id='word_1_217' title='bbox 594 4166 775 4248; x_wconf 77' lang='lat' dir='ltr'><strong><em>passionem</em></strong></span> <span class='ocrx_word' id='word_1_218' title='bbox 800 4209 807 4224; x_wconf 93' lang='lat'><strong>.</strong></span> <span class='ocrx_word' id='word_1_219' title='bbox 831 4211 838 4226; x_wconf 87' lang='lat'><strong>.</strong></span> <span class='ocrx_word' id='word_1_220' title='bbox 863 4163 903 4226; x_wconf 88' lang='lat' dir='ltr'><strong><em>ab</em></strong></span> <span class='ocrx_word' id='word_1_221' title='bbox 924 4163 1123 4248; x_wconf 74' lang='lat' dir='ltr'><strong><em>incorporali</em></strong></span> <span class='ocrx_word' id='word_1_222' title='bbox 1133 4162 1231 4224; x_wconf 91' lang='lat' dir='ltr'><strong><em>Patre</em></strong></span> <span class='ocrx_word' id='word_1_223' title='bbox 1245 4162 1292 4224; x_wconf 89' lang='lat' dir='ltr'><strong><em>in·</em></strong></span> 
     </span>
    </p>
   </div>
   <div class='ocr_carea' id='block_1_12' title="bbox 0 0 1504 4942">
    <p class='ocr_par' dir='ltr' id='par_1_18' title="bbox 0 0 1504 4942">
     <span class='ocr_line' id='line_1_29' title="bbox 0 0 1504 4942; baseline 0 0"><span class='ocrx_word' id='word_1_224' title='bbox 0 0 1504 4942; x_wconf 95' lang='lat' dir='ltr'><strong><em> </em></strong></span> 
     </span>
    </p>
   </div>
  </div>
 </body>
</html>
