3000 4942
492 419 728 484 -191-

155 605 444 690 despicientia:
476 603 556 681 cic„
587 605 696 671 Ambr.
724 605 776 708 off.
802 606 1145 689 ministerium

73 729 123 794 ad
141 728 379 814 despicientiam
402 747 497 810 opum
516 724 709 810 informatus
733 736 824 811 utque
850 727 1017 791 institutus
1039 725 1080 792 ul.

155 950 431 1036 desponsatio:
455 949 551 1028 Turi,
574 949 667 1033 Vuig.
690 947 786 1032 (DV),
809 947 887 1032 Aug.
911 968 1003 1013 serm.
1029 948 1099 1026 105,
1124 951 1144 1012 4

73 1073 113 1156 (r.
138 1069 210 1152 Gg.)
234 1068 485 1153 desponsationis
508 1069 633 1132 initium
646 1068 742 1153 fides,
764 1066 808 1132 id.
830 1072 933 1150 nupti.
955 1072 988 1133 ei
1011 1087 1144 1151 concup.

73 1193 100 1269 1,
126 1193 175 1269 11,
199 1187 283 1254 Petr.
308 1186 451 1271 Chrysei.
475 1207 570 1252 serm.
597 1189 656 1253 148
679 1186 720 1252 el.

155 1411 381 1497 desponsio:
409 1413 431 1475 i.
459 1410 664 1494 desponsatio
686 1410 772 1476 Hier.
796 1410 869 1476 edu.
894 1410 993 1478 Iouin.
1018 1412 1042 1490 1,
1067 1411 1086 1476 3
1113 1412 1145 1475 in
1221 1497 1224 1502 Ι

74 1533 136 1598 itae
158 1532 363 1616 desponsione
388 1529 513 1596 Christi
532 1533 629 1614 (resp.
653 1532 672 1594 2
695 1529 766 1595 Cor.
786 1534 833 1610 11,
850 1531 883 1594 2:
907 1529 1063 1614 despondi
1085 1549 1144 1596 uos

73 1652 130 1717 uni
146 1653 215 1719 uiro
230 1699 239 1716 .
258 1652 291 1733 .),
310 1650 405 1733 gloss.
417 1650 474 1715 lat.
491 1671 536 1734 gr.
550 1649 720 1732 desponsio
737 1649 898 1735 κατεγγύη,
915 1648 955 1714 ul.
968 1648 1053 1716 Geel.
1066 1650 1142 1715 Aur.

155 1873 410 1956 despumare:
445 1873 554 1956 Verg.,
586 1871 667 1936 Cels.
692 1873 750 1949 111,
775 1874 793 1936 6
827 1870 890 1936 mel
921 1870 1143 1954 despumatum

77 1983 187 2075 (hebet
210 2014 286 2058 sune
310 1992 391 2077 DV),
420 1991 519 2057 Serib.
543 1992 585 2056 50
607 1989 658 2068 el,
682 1994 768 2066 cett,
799 2015 840 2038 -’
867 1991 992 2055 *trans
1013 1990 1144 2076 siper.

76 2113 163 2178 Hier.
192 2112 266 2177 edu.
296 2113 396 2177 louin.
425 2113 449 2188 I,
472 2113 513 2176 33
547 2137 618 2178 sera
645 2115 807 2198 pudicitia
836 2125 911 2198 post
939 2113 1145 2198 despumatas

78 2234 219 2319 eorporis
243 2233 422 2318 uoluptates
446 2233 528 2315 (sim.
551 2233 624 2297 intr.
649 2233 731 2312 Seu,
754 2238 791 2298 ut
814 2235 846 2298 et
867 2232 954 2297 Hier.
977 2252 1027 2315 ep.
1051 2233 1102 2312 69,
1125 2235 1144 2296 9

76 2363 184 2415 uenter
205 2372 290 2415 rnero
314 2363 462 2416 aestuans
484 2352 546 2415 cito
569 2351 737 2437 despumat
758 2353 792 2416 in
813 2343 985 2434 libidines).

154 2570 401 2637 destitutio:
436 2571 499 2637 Cic.
531 2571 597 2651 bis,
631 2573 719 2638 Suet.
746 2592 771 2637 e.
801 2572 961 2655 (arar-iss«
993 2573 1145 2656 Freund)‚

77 2691 187 2756 Ambr.
209 2691 241 2755 in
264 2710 311 2773 ps.
331 2691 391 2756 118
413 2710 505 2756 serm.
527 2693 575 2770 10,
599 2694 618 2755 1
642 2694 731 2757 ouius
754 2691 981 2776 (Hierusalem)
999 2715 1145 2779 praeees-
1240 2701 1242 2706 ’

77 2813 118 2876 sit
141 2811 295 2874 desolatio
318 2834 355 2875 ao
377 2810 552 2890 destitutio,
584 2824 618 2874 ut
642 2825 754 2897 postea
776 2822 955 2899 sequeretur
978 2811 1143 2898 confessio,

75 2929 117 2995 id.
141 2929 183 2995 ib.
206 2950 298 2994 serm.
317 2932 366 3008 14,
392 2932 431 2994 16
455 2930 566 3015 inopia
582 2929 789 3016 faeditatem,
812 2931 971 2995 destitutio
986 2929 1143 3014 filiorum,

78 3048 246 3112 tolerantia
267 3047 433 3112 uulnerum
462 3048 582 3131 (agitur
605 3048 643 3113 de
664 3048 750 3132 Iob),
781 3047 862 3114 offic.
886 3049 1019 3115 ministr.
1044 3049 1068 3129 I,
1093 3053 1144 3125 47,

78 3168 137 3232 229
162 3166 364 3252 perturbatio
392 3166 476 3229 tollit
498 3169 716 3248 constantiam,
746 3167 906 3234 destitutio
926 3170 1036 3254 prodit
1056 3171 1145 3256 iqua·

76 3289 171 3366 uiorn,
196 3297 323 3351 aeeusut
341 3287 519 3373 pipritiarn.

155 3491 400 3558 destructio:
428 3512 477 3575 pr.
500 3491 599 3572 Suet,
621 3491 764 3557 Frontin.
789 3497 882 3558 stret.
905 3493 961 3572 111,
986 3495 1005 3557 6
1027 3493 1144 3574 lemm,

76 3612 161 3678 Hier.
184 3612 217 3676 in
239 3613 322 3678 lsi
351 3611 393 3676 ad
418 3616 445 3691 1,
471 3612 509 3676 13
534 3614 641 3697 tempti
663 3612 715 3693 sl,
747 3612 880 3693 [Rufin]
907 3612 940 3676 in
963 3613 1032 3676 Am.
1057 3616 1072 3678 I
1102 3613 1144 3678 sd

76 3733 104 3812 3,
130 3733 241 3815 13sq.‚
269 3733 357 3798 trusi.
381 3730 433 3816 (cf.
457 3721 526 3814 sup.
550 3733 604 3815 89)
628 3731 743 3811 Quint,
773 3731 859 3798 Hier.
882 3733 915 3796 in
939 3731 1019 3815 Eph.
1044 3731 1075 3796 ΙΙ
1102 3732 1143 3796 ad

76 3853 105 3930 4,
121 3853 162 3916 29
186 3875 286 3917 sermo
300 3853 406 3916 maius
429 3901 437 3917 .
461 3901 469 3916 .
493 3851 538 3915 ad
551 3851 789 3917 destructionem
804 3875 909 3918 eorum
932 3855 988 3940 qui
1010 3851 1145 3917 audiunt

76 3969 126 4048 el,
156 3971 253 4053 intpr.
279 3971 364 4053 Orig.
388 3971 420 4035 in
442 3971 556 4037 Matth.
580 3975 621 4038 28
654 3971 699 4036 ad
726 3971 967 4046 destructionem
994 3974 1144 4036 ueritatis

78 4089 311 4174 seripturarum
332 4101 523 4168 nostrarum,
547 4091 660 4156 Iulian.
683 4110 735 4173 up.
759 4092 837 4173 Aug.
860 4111 886 4156 c.
904 4112 966 4157 see.
983 4112 1067 4175 resp.
1084 4091 1141 4157 Iul.

77 4205 101 4285 Ι,
125 4209 186 4273 104
209 4209 365 4300 doprnatis
388 4211 444 4276 tui.
