2964 4942
644 423 682 434 -
728 387 875 453 336-

224 573 304 640 niln'l
322 573 568 661 phantasiarum
589 576 773 638 reventilare
796 595 833 637 ae
845 573 993 659 proferre
1011 577 1131 661 possit,
1156 575 1232 642 nisi
1247 602 1314 644 eas·

225 700 293 756 dem
325 715 345 755 a
371 692 491 778 formis
521 714 685 778 corporum
714 715 777 778 per
805 714 968 778 corporeos
997 717 1111 759 sensus
1143 697 1311 762 hausisset

226 811 278 896 (ef.
292 833 323 893 p.
341 831 384 877 n:
409 810 516 876 anima
538 859 546 873 .
570 859 577 875 .
600 829 659 894 per
678 830 789 876 sensus
804 811 948 894 eorporis
963 810 1169 879 isllsuarum
1188 815 1309 882 affecta

224 930 394 1012 ludibriis),
417 950 469 995 sn.
492 931 525 993 in
547 929 605 994 Iob
628 929 674 994 ΠΙ
696 950 727 1012 p.
751 931 814 994 222
841 931 1073 997 incantationes
1097 981 1105 997 .
1131 982 1149 1013 .,
1176 933 1308 1000 diuina·
1423 1024 1424 1027 Ἴ

226 1052 322 1116 teones
345 1072 465 1135 quoque
487 1058 579 1134 elque
595 1049 749 1132 maleficio
766 1047 810 1131 (11.
827 1070 853 1113 e.
869 1049 1014 1130 magicae
1036 1053 1160 1134 aries).
1181 1101 1200 1133 .,
1225 1078 1307 1138 quae
1422 1034 1423 1039 ἵ

225 1181 297 1234 sunt
320 1176 505 1233 daemonum
527 1169 694 1232 seruitutes
710 1180 739 1232 et
760 1168 941 1233 daemonum
957 1170 1129 1249 illusiones,
1154 1171 1304 1240 Cassian.

226 1288 305 1354 Coll.
328 1286 444 1367 XXIV,
477 1289 512 1352 18
540 1292 573 1351 et
601 1307 704 1370 saep„
734 1288 779 1353 sio
806 1308 934 1371 quoque
963 1287 1029 1354 Leo
1055 1289 1097 1353 M.
1129 1312 1181 1374 ep.
1209 1296 1261 1374 15,
1284 1297 1305 1357 4

218 1431 280 1493 per
303 1413 472 1496 quandam·
486 1405 660 1471 illusionem
684 1419 841 1472 ostentata
859 1410 963 1472 uideri
977 1415 1094 1489 uolunt,
1119 1432 1200 1496 quae
1224 1436 1304 1476 uero

224 1550 285 1591 non
305 1526 452 1612 suerint,
481 1525 517 1591 it.
542 1524 635 1608 vigil.
663 1526 756 1610 Tsps.
788 1547 813 1591 c.
846 1526 979 1611 Eutyoh.
1003 1529 1071 1606 1,3
1106 1529 1304 1612 quibusdam

224 1646 409 1711 illusionum
429 1645 629 1730 praestiyiis,
645 1642 695 1711 Ps.
708 1643 842 1709 Eucher.
856 1665 968 1711 comm.
985 1644 1017 1709 in
1033 1645 1131 1728 Regg.
1144 1646 1202 1712 lib.
1218 1649 1243 1728 Ι,
1260 1651 1303 1714 29

225 1771 360 1849 aliquam
383 1766 600 1841 imaginariam
623 1764 790 1829 illusionem
805 1763 948 1847 fallacie
963 1762 1150 1829 doemonum
1158 1765 1303 1849 faelem,

224 1885 258 1948 it.
282 1882 324 1949 ib.
347 1883 404 1947 inf.
439 1882 568 1967 aliquod
592 1875 787 1968 piaretdsma
817 1897 845 1946 et
874 1885 1099 1969 imoyinoriam
1128 1887 1304 1952 illusionem

225 2003 343 2066 dioboli
361 2002 644 2067 machinationibus
660 2003 798 2088 saetam,
821 2003 876 2068 alii
898 2003 972 2068 scel.

301 2192 472 2258 illusor:
497 2191 590 2266 Tert,
613 2191 700 2256 Hier.
724 2191 756 2254 in
771 2190 813 2255 Is.
832 2194 858 2257 11
878 2191 920 2256 sd
936 2195 1002 2267 3,4
1029 2191 1198 2272 lielulim,
1223 2217 1304 2280 quos

224 2311 326 2375 LXX
338 2324 367 2373 et
388 2311 554 2374 Theodotio
577 2309 725 2374 illusores
740 2311 944 2395 interpretati
958 2322 1039 2390 sunt,
1061 2310 1103 2374 ad
1118 2332 1150 2375 u.
1167 2316 1186 2377 5
1214 2315 1304 2377 iuue-

223 2455 277 2494 nes
301 2479 309 2494 .
333 2479 340 2496 .
365 2444 394 2494 et
416 2437 555 2492 illusores
578 2429 715 2494 Domini
734 2429 786 2509 ai,
810 2430 912 2514 vulg,
935 2434 1025 2516 Aug,
1049 2431 1102 2497 all.

301 2618 551 2682 *illusorius
581 2637 612 2700 q.
634 2617 749 2699 fallax,
778 2618 979 2703 deceptiosus
1010 2617 1062 2702 (ef.
1093 2619 1224 2686 *illusio
1249 2622 1304 2707 b):

223 2735 282 2801 Iul.
307 2757 358 2818 ap.
375 2737 453 2818 Aug.
479 2757 505 2799 c.
528 2755 588 2800 see.
606 2757 689 2819 resp.
706 2737 762 2802 Iul.
784 2738 818 2818 V,
840 2741 880 2803 25
909 2738 1125 2802 Tradueiunos
1148 2762 1213 2803 non
1237 2765 1306 2808 esse

225 2857 313 2920 eliud
329 2879 424 2940 quarn
440 2856 655 2935 Manichaeos,
680 2855 913 2921 distinctionem
935 2869 1038 2920 nutem
1053 2859 1136 2921 inter
1151 2880 1211 2921 uos
1229 2861 1272 2925 ill
1293 2897 1307 2909 -

223 2976 344 3038 soriam
369 2981 490 3059 quidem
516 2998 576 3038 non
599 2972 669 3060 flele
692 2988 812 3058 uestro,
841 2976 898 3041 sed
926 2979 1091 3062 imperitia
1117 2985 1306 3063 eontiyisse,⁸

223 3091 265 3156 el.
289 3092 408 3171 Ambr,
432 3093 510 3175 Aug.
534 3113 617 3159 eone.
642 3112 754 3177 eusng.
778 3094 837 3176 ΠΙ,
865 3097 913 3174 13,
937 3098 987 3161 46.
1079 3098 1081 3102 ’

301 3261 548 3345 illustrabis:
575 3279 716 3347 easeoe.
738 3281 771 3345 in
793 3303 842 3365 ps.
862 3284 921 3348 118
943 3304 977 3367 p.
994 3285 1055 3348 391
1072 3283 1147 3348 ear.
1170 3285 1305 3350 deuteu-

223 3424 277 3463 nes
299 3400 518 3465 illustrabiles.

300 3569 549 3637 illustratio:
573 3571 690 3652 Quint,
718 3570 828 3654 »Vulg.
844 3574 863 3636 2
880 3571 1022 3654 Thessa,
1046 3573 1162 3637 Times.
1180 3580 1213 3639 et
1234 3576 1304 3643 lae.

224 3713 274 3775 ep.
298 3711 350 3775 ep.
375 3694 454 3776 Aug.
478 3698 571 3775 gesti.
594 3690 701 3774 Peleg.
727 3695 767 3756 24
796 3696 861 3756 ista
886 3705 950 3754 tam
968 3695 1156 3779 perspicuae
1179 3697 1305 3758 uerita·

225 3811 266 3875 tie
287 3811 472 3891 illustratio,
496 3810 640 3876 Chaleid.
664 3810 743 3875 Tim.
769 3813 817 3891 10,
839 3812 873 3875 in
895 3811 976 3876 Tim.
996 3813 1122 3893 10111,
1149 3849 1184 3860 -
1213 3816 1305 3880 illu-

224 3941 386 3994 strator
408 3929 507 4008 Luci,
531 3928 615 3993 Hier.
640 3950 715 4013 quu.
730 3929 820 3996 hebr.
843 3931 878 3996 in
900 3931 979 3996 Gen.
1000 3954 1049 4016 pr.
1078 3929 1201 3996 Tullius
1227 3933 1306 4000 leti·

224 4075 281 4115 nee
313 4051 436 4133 linquae
467 4052 660 4127 illustrator,
694 4069 744 4131 ep.
768 4050 819 4128 22,
843 4050 884 4115 36
914 4053 953 4133 (r.
977 4049 1066 4133 (ig),
1100 4051 1180 4132 Aug.
1209 4029 1305 4121 00111.

228 4167 310 4248 VIII,
334 4171 353 4234 5
376 4169 531 4243 ueritatis,
555 4169 593 4247 X,
617 4170 654 4232 31
681 4171 720 4251 (r.
744 4167 826 4250 Gg.),
850 4167 919 4249 XII,
945 4171 994 4249 16,
1019 4171 1058 4233 23
1083 4168 1135 4251 al.,
1160 4170 1258 4236 inser.
