2964 4942
645 398 871 466 ...350-

227 609 335 655 mamm
357 599 483 656 uentum
505 601 591 656 souct
616 588 650 673 (i.
673 585 851 673 significet),
882 625 923 640 ·-
952 587 1067 655 Iulian.
1091 607 1147 674 ap.
1174 589 1261 673 Aug.
1285 607 1312 653 a.

227 727 290 775 sec.
312 729 395 795 resp.
419 708 478 776 lat
501 708 559 790 111,
583 711 624 774 te
647 711 682 774 et
703 727 802 793 saep,
824 706 872 774 ot.
894 708 990 774 Mam.
1014 727 1065 774 an.
1088 705 1151 789 ΙΙΙ,
1180 710 1234 775 13.

304 906 604 1006 impraestrtctus:
633 921 748 1006 [oum]
778 941 872 988 serm.
895 923 936 988 ss
973 921 1109 988 Versum
1132 921 1246 988 mum
1268 969 1278 987 .
1301 971 1308 990 .

227 1044 386 1129 iutrepu'do
408 1044 519 1108 meotis
540 1044 650 1108 obtutu
672 1043 911 1130 impraectricta
931 1042 995 1108 acic
1011 1042 1285 1127 contemplantem.

305 1239 624 1340 impraetermisse:
652 1254 773 1324 poseo.
803 1254 872 1320 nica
901 1253 1068 1337 Augustini
1093 1255 1133 1319 31
1170 1257 1307 1320 curcum

226 1375 293 1440 Dei
313 1397 410 1462 usquc
433 1371 478 1438 od
499 1383 601 1461 ipsam
622 1397 715 1440 auom
736 1386 903 1439 octrumum
918 1375 1148 1460 ceprituiiiucm
1161 1378 1307 1460 imprae-

228 1497 369 1560 termisse
391 1495 544 1560 alacriter
566 1517 603 1561 ac
618 1495 755 1581 sortitor·
778 1543 786 1560 .
810 1542 817 1558 .
841 1501 874 1556 im
896 1494 1021 1559 ecclesio
1040 1496 1261 1580 praedicauit.

305 1699 726 1786 improcuariccbiiis:
749 1659 915 1785 lgiauep.
931 1699 975 1766 ad
986 1697 1162 1782 Epuuers
1180 1703 1248 1765 uet.
1261 1702 1305 1764 20

228 1817 402 1882 obedientes
431 1819 576 1904 episcopo
606 1831 635 1882 ct
662 1820 853 1905 presbyterio
885 1818 1181 1907 impraeacm'ccbtti
1208 1842 1304 1884 seusu
1421 1826 1422 1831 ’

229 1936 468 2022 (ἀπερισπάστῳ
490 1935 635 2024 διανοίᾳ),
662 1937 712 2004 rs.
736 1938 768 2003 S.
791 1942 856 2004 uet.
878 1937 975 2005 Hebr.
1001 1939 1050 2019 10,
1074 1939 1135 2002 23s
1160 1937 1260 2023 (DV).

307 2133 556 2218 *imprecari
578 2133 715 2217 aliquem
738 2134 771 2218 (i
794 2135 951 2219 precari):
974 2134 1066 2219 App,
1089 2133 1189 2200 Solia.
1215 2137 1245 2216 1,
1263 2139 1301 2200 ll

228 2253 413 2341 Mpicouum
434 2261 524 2321 deum
547 2254 668 2321 dicitur·
693 2256 893 2341 imprecatus,
923 2253 1010 2320 Hier.
1031 2252 1107 2321 adu.
1130 2252 1259 2320 Heluid.
1283 2257 1303 2318 2

229 2375 314 2440 Deus
342 2386 390 2439 eat
416 2377 652 2461 imprecandus,
681 2387 717 2439 ut
739 2421 747 2438 .
771 2423 794 2454 .,
822 2375 856 2438 in
878 2373 920 2439 Ia.
942 2373 1019 2442 XIV
1040 2393 1090 2458 pr.
1113 2373 1171 2450 al„
1186 2378 1305 2467 'atque

228 2492 274 2559 ita
298 2495 539 2577 imprecatio
561 2495 648 2562 Hier.
671 2493 705 2559 in
727 2491 768 2557 Ie.
791 2492 838 2558 IX
858 2512 908 2576 pr.
937 2493 1004 2557 Dei
1021 2515 1189 2578 poscamus
1213 2494 1305 2559 auci·

229 2620 303 2679 lium
329 2628 358 2679 ct
381 2615 571 2700 psalmistae
600 2615 823 2700 imprecatione
846 2612 1003 2680 dicamus:
1034 2612 1162 2698 dissipo
1188 2627 1305 2696 quotes,

229 2757 310 2820 quac
333 2733 413 2800 belia
434 2734 545 2799 uolunt
568 2733 632 2819 (Pe.
656 2737 707 2814 67,
730 2736 784 2818 31)
807 2733 849 2800 al.

306 2930 572 3013 improbatio:
607 2928 671 2996 Cio.
694 2934 728 2996 et
749 2933 834 2996 auct.
857 2930 900 2996 ad
921 2929 1008 3010 Her,
1031 2931 1110 3014 Aug.
1133 2928 1168 2993 in
1189 2928 1240 2996 Ius.
1263 2935 1306 2997 tr.

230 3051 324 3127 90‚2
355 3051 541 3135 improbatio
563 3050 717 3114 uitiorum
738 3051 954 3134 virtutumque
974 3050 1134 3134 probatio,
1166 3047 1306 3116 Primae.

229 3168 262 3233 in
284 3168 301 3232 Ι
322 3168 393 3234 Cor.
419 3172 468 3235 14.

178 3397 230 3436 m
310 3365 536 3467 tmprotmsss
561 3382 613 3448 es.
635 3381 744 3466 cypa:
767 3383 805 3447 A.

308 3577 608 3682 tmprotucttttts:
635 3595 765 3663 Hieron.
787 3595 885 3681 intpr.
910 3593 996 3678 On'g.
1019 3595 1052 3660 in
1081 3593 1194 3660 terem.
1217 3573 1307 3662 hom.

230 3720 261 3798 3,
287 3722 302 3781 Ι
336 3725 397 3783 duo
420 3716 584 3782 coatrcm'c
611 3726 685 3778 aaut
707 3713 878 3780 adamanti
903 3715 970 3792 toti,
1004 3714 1138 3780 malicus
1161 3725 1191 3777 ee
1212 3716 1309 3782 iocus

158 3918 161 3923 .
232 3835 498 3923 improducibilis,
520 3873 560 3882 -
585 3851 668 3916 quae
690 3834 801 3899 tamen
822 3834 912 3898 incus
929 3831 976 3898 ib.
998 3831 1054 3897 inf.
1076 3831 1194 3898 dicitur
1213 3857 1310 3920 pro-

231 3955 442 4034 docibilis,
470 3952 502 4017 h.
525 3971 551 4018 a.
575 3952 609 4016 in
637 3971 701 4034 qua
729 3951 848 4016 eonfiat
870 3971 950 4034 opus
972 3950 1168 4034 productile,
1199 3955 1307 4022 cuius-

230 4075 319 4142 modi
341 4078 391 4140 est
412 4073 492 4140 tuba
513 4071 702 4156 productilia
726 4071 758 4136 S.
776 4070 809 4136 S.
825 4069 928 4156 Vulg,
950 4069 1038 4136 Hier.
1061 4070 1082 4136 l.
1104 4070 1126 4137 1.
1146 4067 1310 4142 ‘necessa-

232 4195 303 4264 *sius
325 4198 375 4262 cat
393 4192 543 4276 melleus,
564 4197 607 4259 utw
623 4193 703 4260 tuba
723 4193 911 4278 productilis
931 4193 1017 4277 fiat',
1035 4197 1073 4260 et
1090 4193 1168 4278 'alia
1190 4194 1235 4262 ib.
