2970 4942
699 379 933 443 —120-

359 567 655 652 conqemisceee:
680 566 774 638 Tert..
800 565 887 631 Hier.
903 567 935 630 in
952 565 991 631 ls.
1009 564 1089 630 XIV
1104 566 1147 631 sd
1163 569 1213 644 51,
1231 567 1251 630 6
1277 566 1368 629 unde

281 696 309 748 et
332 686 433 749 omnis
457 695 603 748 creature
626 685 824 770 con9emiscit
847 684 898 758 al..
926 685 1015 768 Aug..
1039 683 1117 749 (lod.
1141 685 1208 761 Th..
1239 684 1280 749 al.
1307 705 1362 750 an.

279 804 312 868 in
334 804 391 870 lob
415 804 444 869 Il
467 827 498 889 p.
526 805 586 869 180
610 826 773 889 compasso
795 803 955 890 infantiae
978 828 1084 869 eornm
1108 819 1199 890 atquc
1222 805 1362 883 infirmi-

281 927 347 1002 tati,
372 925 619 1009 congemiscens
643 924 848 1008 lorrqaoribns
872 938 966 1009 utque
987 926 1152 1010 9c=mitibns
1176 948 1293 990 eornm.

357 1122 674 1203 *congenersret
706 1119 747 1183 al.
778 1121 855 1202 Aug.
885 1141 911 1185 o.
940 1139 1001 1184 sec.
1036 1140 1120 1202 resp.
1155 1118 1212 1184 lul.
1239 1120 1292 1198 VI,
1318 1122 1362 1185 '20

280 1241 366 1304 mola
388 1263 457 1303 cam
480 1239 594 1324 quibas
617 1250 790 1303 noscantur
810 1239 954 1317 homines,
979 1263 1058 1325 qnae
1079 1241 1287 1325 congenerari
1307 1239 1362 1305 iro-

280 1360 419 1424 minibne
440 1361 473 1424 in
484 1357 640 1444 paradisi
655 1358 814 1446 felicitate
829 1381 888 1422 non
906 1373 1047 1444 possent,
1067 1359 1220 1446 profecto,
1237 1361 1309 1423 nisi
1322 1359 1362 1424 de

278 1477 435 1563 paradiso
459 1481 578 1542 emisset
600 1490 717 1541 notura
739 1480 867 1556 uitiato,
896 1501 977 1542 nnnc
999 1481 1043 1542 eis
1067 1492 1273 1565 corrqenerctn
1296 1503 1362 1543 non

282 1609 391 1676 essent,
415 1596 500 1663 Coal.
519 1599 594 1662 Aur.

359 1793 633 1878 ‘conyentilisz
669 1796 745 1878 Aug.
770 1815 796 1859 o.
821 1795 928 1859 Faust.
956 1795 1092 1860 Manieh.
1118 1795 1207 1875 XIII,
1235 1799 1273 1860 15
1304 1798 1362 1881 qni

283 1937 356 1978 suos
379 1914 564 2000 conyentiles
589 1915 725 2000 populos
757 1915 843 1978 idolo
873 1915 1004 1978 colendo
1032 1914 1140 1978 docere
1170 1917 1244 1980 nasi
1275 1931 1362 1996 sant,

283 2033 317 2096 id
347 2034 432 2116 quod
462 2033 680 2117 accipiendum
709 2056 777 2101 esse
807 2061 847 2090 =
878 2034 1105 2100 coidololatras
1139 2039 1189 2120 (ut
1216 2035 1362 2118 loquitur

285 2153 382 2219 Lucil.
413 2153 453 2220 de
480 2175 543 2237 reg.
568 2160 671 2237 apost.
694 2176 725 2237 p.
750 2155 882 2237 808M.)
913 2156 1075 2239 pergimus
1103 2176 1166 2221 non
1194 2155 1361 2236 dubitar03

285 2273 479 2357 congentiles
503 2301 543 2328 =
567 2280 710 2362 γεννῆται
732 2276 824 2340 inser.

364 2472 667 2571 eonorrnsnlas:
695 2488 786 2555 'rues
810 2511 882 2555 nou.
905 2491 961 2555 rae.
985 2512 1016 2572 p.
1041 2492 1112 2555 481.

364 2683 596 2784 constritari:
624 2702 701 2767 Isin.
725 2703 794 2768 orn.
822 2708 918 2768 creat.
946 2705 993 2782 15,
1021 2707 1033 2766 1
1072 2705 1127 2766 eur
1154 2703 1228 2766 sum
1255 2708 1363 2770 taem

288 2821 529 2904 compatiantur,
553 2822 648 2885 simui
670 2823 955 2908 conyloriabnntnn
979 2821 1028 2886 Ps.
1052 2820 1193 2888 Cassiod.
1218 2821 1337 2888 amicit.

365 3014 676 3099 conglutinatio:
702 3017 774 3096 cic,
789 3018 893 3082 Diom.
909 3019 938 3082 ll
953 3039 984 3101 p.
1002 3021 1063 3082 442
1076 3019 1114 3083 Κ.
1138 3020 1363 3106 episynaliplre

288 3151 333 3200 est
363 3137 588 3221 conylatinotio
618 3137 755 3200 deornm
782 3137 978 3224 syllabarum
1005 3139 1039 3201 in
1067 3162 1170 3203 anam.
1193 3138 1361 3224 syllabam,

288 3259 366 3340 Aug.
389 3257 421 3321 in
444 3278 491 3340 ps.
515 3258 555 3321 68
579 3278 673 3322 serm.
698 3261 724 3336 1,
749 3259 767 3321 3
792 3259 982 3322 consortium
1005 3257 1163 3342 quoddam
1187 3261 1310 3322 atrimae
1333 3275 1364 3322 et

289 3378 431 3463 corpoeis
454 3392 483 3441 et
504 3376 666 3464 qnondam
687 3379 719 3440 in
743 3378 793 3442 his
818 3377 938 3441 dnobus
954 3378 1218 3464 fornilimitotem
1237 3379 1363 3463 conolo-

289 3497 452 3562 tinotionis
476 3512 568 3582 otone
592 3499 790 3582 compassionis,
814 3497 899 3563 Hier.
917 3498 959 3581 (l)
981 3499 1014 3562 in
1031 3497 1087 3563 lob
1104 3499 1154 3577 38,
1180 3497 1265 3562 (loel.
1283 3498 1362 3562 Aur.

288 3616 373 3704 raro.
398 3619 436 3698 ll,
463 3620 510 3698 12,
537 3620 606 3698 140,
631 3617 779 3684 Consent.

251 3838 289 3878 ero
368 3815 693 3899 congratulatio:
718 3816 786 3880 Val.
811 3816 906 3894 Max„
931 3814 1046 3880 Donat.
1069 3813 1125 3877 uit.
1144 3812 1246 3894 Verg.‚
1272 3812 1360 3878 Hier.
1406 3815 1408 3818 ’

289 3934 322 3998 in
337 3934 379 3998 IS.
395 3934 439 3999 XI
461 3934 504 3999 ad
519 3937 570 4014 39,
590 3939 604 3998 l
628 3950 704 4020 post
729 3947 849 3999 tentam
873 3921 1040 4000 uictoriam
1065 3947 1094 3996 et
1117 3932 1363 4016 conyrotalotio-

290 4077 358 4118 nem
387 4057 476 4138 neoni
502 4058 714 4142 potentissimi
745 4059 826 4138 (gen.
855 4054 948 4138 subi.)
979 4079 1030 4121 cor
1060 4053 1151 4118 illias
1180 4050 1363 4135 (Ezechiae)

290 4172 445 4238 cleantem
467 4187 522 4240 est.
