2970 4942
685 446 914 508 -148n

265 641 457 716 correptores
483 629 586 714 (Vuig.
603 629 802 718 eruditores),
827 630 907 712 Aug.
920 649 1013 694 cerm.
1028 631 1078 707 82,
1093 632 1120 711 7,
1137 631 1175 693 10
1198 631 1228 693 si
1247 629 1335 694 sotus

262 749 351 812 nocti
369 749 428 834 qui
445 749 589 833 peccauit
603 750 635 812 in
652 761 690 824 te,
714 761 828 811 etcum
843 751 892 813 uis
909 773 1014 814 coram
1029 749 1174 813 omnibus
1190 771 1334 834 arcuere,

263 891 324 932 non
348 891 379 932 es
404 880 573 954 correptor,
595 867 654 934 ¹sed
669 867 826 952 proditor,
848 868 934 933 Hier.
944 868 986 952 (1)
1003 868 1045 932 ad
1061 868 1151 934 amic.
1164 887 1247 951 aegr.
1263 870 1334 946 11,9

264 998 413 1073 tanquam
437 1000 629 1073 correptores
652 1011 784 1053 moretm.

212 1209 262 1248 110⁶
340 1176 647 1275 correquiescat:
677 1194 754 1274 sug.
778 1211 853 1273 quu.
877 1212 990 1274 cucng.
1016 1192 1039 1267 1,
1063 1193 1081 1257 8
1117 1215 1184 1257 cem
1206 1215 1267 1257 sce
1288 1195 1336 1256 a·

262 1311 392 1391 uenerit,
408 1313 441 1375 in
457 1312 570 1397 quibus
587 1310 848 1378 delectationibus
866 1313 1104 1395 correquiescat,
1119 1312 1216 1394 intpr.
1230 1312 1333 1394 Ignat.

262 1448 311 1512 cp.
335 1428 379 1494 ad
402 1429 480 1494 Mar.
505 1430 635 1495 Oasscb.
660 1434 680 1495 4
713 1431 889 1509 uobiscum,
923 1430 1026 1495 »Actu
1058 1430 1089 1495 S.
1111 1429 1214 1497 Bonif.
1237 1436 1335 1496 mart.

261 1569 291 1612 n.
317 1550 387 1613 13«.

299 1711 301 1716 ,
338 1737 610 1820 corrosorum:
638 1736 787 1814 Hilario
808 1736 922 1802 Matth.
941 1739 990 1816 10,
1006 1739 1047 1803 25
1072 1738 1104 1801 in
1127 1761 1191 1824 qua
1213 1739 1334 1822 (cruce)

263 1857 482 1939 compatimur,
501 1903 509 1919 .
526 1903 533 1920 .
550 1856 783 1941 consepelimur,
802 1859 1060 1943 corrosurpimus,
1080 1856 1202 1922 »Rufio
1218 1856 1336 1922 bened.

261 1973 437 2056 patriarch.
453 1974 477 2054 Ι,
503 1977 552 2055 6«,
579 1974 712 2041 Primus.
734 1975 767 2039 in
790 1974 849 2058 Ep.
866 1977 909 2040 nd
930 1975 1021 2041 Rom.
1038 1996 1064 2040 c.
1082 1978 1100 2040 6
1124 1977 1154 2040 ss'
1177 1976 1336 2062 comptan-

153 2139 157 2143 -
262 2094 323 2158 tati
343 2117 403 2158 non
427 2116 546 2174 sumus,
568 2115 623 2158 nco
647 2116 909 2182 corresurpemus.
934 2170 941 2175 ..

340 2281 547 2364 corrigium
570 2279 669 2347 Marc.
693 2282 800 2365 Empe
825 2284 861 2347 A.

341 2469 635 2533 corroboratio:
670 2467 701 2532 S.
726 2468 757 2533 S.
790 2471 828 2532 »2
852 2469 938 2534 Petr.
961 2470 990 2548 3,
1016 2471 1054 2532 17
1085 2489 1136 2552 ap.
1160 2470 1257 2552 Auge
1280 2465 1334 2534 ‘ne

256 2585 418 2670 ‚decidatis
449 2635 455 2650 .
488 2637 494 2651 .
527 2607 548 2650 a
576 2586 835 2652 corroboratione
868 2587 988 2652 uestrn'
1025 2587 1134 2671 (Vulg.
1154 2587 1332 2670 firmitate),

261 2705 356 2788 prr.
381 2726 432 2788 op.
456 2710 489 2770 ct
511 2705 620 2770 clecm.
648 2709 686 2770 16
710 2706 754 2770 od
776 2708 1059 2773 corroborationem
1073 2706 1168 2791 fidei,
1193 2706 1277 2771 Hier.
1289 2707 1333 2789 (3)

250 2826 362 2908 inps.
389 2827 430 2889 30
455 2827 488 2888 in
516 2827 555 2888 Tc
578 2849 649 2911 spes
673 2841 718 2890 cst
742 2827 1006 2893 corroborationis
1029 2849 1125 2906 meae,
1149 2825 1259 2890 Victor
1274 2827 1334 2891 Tu·

259 2965 333 3010 non.
350 2945 468 3028 poenit.
485 2946 504 3008 3
528 2967 597 3007 cum
621 2944 723 3009 adbuc
741 2969 802 3009 non
818 2947 936 3010 sentias
957 2945 1221 3010 corroborationis
1245 2943 1333 3029 effec-

261 3075 334 3144 tum,
359 3063 453 3146 gloss.
477 3063 719 3152 ἰσχυροποίησις.

339 3257 563 3352 immuniti,
591 3291 643 3334 us:
667 3269 717 3333 Pe.
732 3272 810 3351 Aug.
823 3288 916 3332 serm.
934 3270 992 3332 261
1020 3231 1200 3352 (Caesarii),
1227 3273 1240 3331 1
1267 3293 1333 3334 cor-

261 3400 408 3474 ropatum
431 3411 611 3474 corropare,
640 3400 675 3451 ut
699 3388 815 3474 populi
841 3389 1034 3452 orationibus
1065 3387 1196 3451 adiutus
1223 3390 1333 3472 spinas

260 3517 461 3589 peccatorum
478 3509 584 3593 poscit
607 3507 745 3584 euellere,
770 3545 810 3554 -
833 3507 1011 3589 corrogatio
1037 3507 1126 3590 Vulg.

77 3685 79 3702 ²
210 3719 260 3758 1110
340 3695 619 3759 corruiturus:
643 3693 729 3759 Hier.
753 3694 785 3758 in
808 3692 903 3759 Mich.
927 3693 942 3757 1
965 3693 1007 3756 nd
1030 3694 1059 3773 3,
1078 3695 1101 3758 ’9
1114 3714 1183 3776 sqq.
1205 3694 1333 3757 Ierusa-

176 3868 177 3871 ,
261 3812 319 3876 iem
341 3814 428 3877 uelut
451 3836 585 3878 aceruus
611 3813 756 3899 lapidum
772 3814 964 3892 corruitura,
986 3812 1018 3875 in
1034 3811 1114 3876 Dan.
1134 3814 1182 3891 12,
1201 3815 1237 3876 ll
1256 3813 1333 3896 (1111-
1449 3854 1452 3859 -

260 3937 351 3998 turus
373 3933 496 3998 Kuehn.
521 3952 656 4015 gramm.
679 3932 735 3996 lat.
759 3931 856 4015 ampl.
880 3931 896 3995 1
919 3952 950 4014 p.
974 3932 1061 4014 495).

341 4102 694 4186 concupicentiae:
723 4101 819 4181 reru,
851 4100 978 4179 Noua,
1009 4099 1124 4164 emur.⁴
1146 4063 1264 4164 torah.
1288 4098 1329 4178 11,

264 4224 315 4298 11,
339 4221 388 4300 85,
412 4219 517 4285 Rufin.
541 4219 626 4302 Orig.
650 4221 682 4283 in
706 4221 796 4285 Cant.
815 4222 845 4284 II
868 4240 900 4302 p.
917 4219 978 4282 383
995 4217 1047 4298 al,
1072 4219 1150 4300 Aug.
1175 4216 1258 4281 Trin.
1275 4217 1329 4297 IV,
