2940 4936
582 415 874 498 fra-

313 597 610 682 circumtundere:
638 615 717 698 Aug.
741 637 767 681 c.
791 617 882 700 epist.
905 615 1107 682 Parmeniani
1127 619 1152 698 1,
1178 623 1193 683 1
1225 623 1309 685 acci-

236 739 293 800 bas
328 738 558 800 circumtunsac
592 735 779 821 eaiailaait,
817 735 866 801 »S.
890 735 922 800 S.
951 757 1003 819 ap.
1027 736 1155 802 Tiehan.
1181 748 1306 823 septem
1415 823 1417 826 Ι

235 876 299 939 reg.
324 857 373 920 4.‹

314 1025 626 1108 circumuagari:
651 1025 731 1089 Vitr.
748 1046 783 1106 a,
808 1024 965 1090 Adamen.
988 1027 1063 1092 loca.
1087 1031 1242 1110 sanctii,
1269 1034 1306 1096 19

235 1145 415 1228 (Iordanes)
442 1145 587 1232 plurima
613 1147 870 1230 circamaaqatar
901 1144 1027 1210 deserta
1049 1146 1185 1231 Aefalea
1208 1151 1307 1214 carci-

227 1266 324 1348 pitar
348 1266 429 1330 lace.
854 1269 858 1276 '

312 1435 533 1499 circamaea
543 1436 610 1499 tia:
636 1433 752 1499 Arnob.
766 1435 804 1512 V,
819 1434 839 1498 3
861 1435 1079 1498 uoluntariam
1091 1457 1157 1497 rere
1173 1437 1307 1500 circam·

233 1553 431 1618 creationibus
455 1551 596 1633 tradere,
626 1552 824 1634 Hermogen.v
840 1551 920 1634 big„
950 1552 1039 1636 Vulg.
1063 1552 1144 1635 Eph.
1171 1556 1219 1630 ³4,
1244 1558 1303 1619 14«

234 1675 266 1737 et
287 1672 376 1737 Hier.
400 1672 443 1737 ad
464 1672 497 1752 l.,
520 1671 611 1753 Aug„
636 1671 712 1736 Oad.
728 1668 847 1735 Theod.
864 1672 947 1749 XVI,
964 1673 993 1746 5,
1009 1673 1050 1736 49
1077 1685 1206 1735 careant
1229 1695 1308 1736 emc-
1348 1689 1351 1692 ·

136 1857 139 1862 ,
234 1790 395 1869 lamentis,
426 1813 505 1877 qaae
528 1837 535 1853 .
559 1837 566 1854 .
590 1790 732 1853 calebant
755 1837 762 1852 .
787 1837 794 1852 .
817 1787 944 1873 fraude
978 1801 1007 1853 et
1040 1793 1305 1857 circamaeatiore

227 1911 404 1995 percipere,
428 1909 505 1974 cod.
532 1909 608 1973 lust.

312 2097 628 2161 circumuentae:
654 2093 795 2178 Lampe,
816 2095 877 2161 inc.
902 2095 976 2179 qur.
1001 2117 1040 2161 ex
1062 2101 1199 2180 utroque
1221 2098 1305 2164 Teet.

237 2217 296 2280 114
319 2215 410 2280 illam
431 2214 610 2279 mendacem
633 2228 661 2278 ct
684 2216 970 2281 circamaeatarem.

182 2427 235 2470 cs·
313 2404 594 2505 circumvenere:
623 2420 707 2486 coer.
730 2422 805 2487 Aur.
829 2426 904 2486 aaut
925 2375 981 2500 m,
1005 2424 1034 2498 3,
1060 2422 1098 2487 13
1121 2436 1242 2511 opaca
1264 2470 1272 2487 .
1297 2471 1305 2487 .

234 2540 465 2624 circamaaqere
488 2563 603 2626 carpas
626 2542 819 2626 acarotaatic
843 2540 908 2605 oleo
934 2539 1029 2604 dulci.

311 2680 576 2811 citatiaiHyg.
599 2748 683 2792 mun.
707 2731 812 2806 cestr„
838 2727 915 2794 Ood.
942 2727 1019 2792 lust.
1044 2728 1228 2808 edictorum,
1253 2729 1305 2810 el„

232 2850 269 2909 ut
290 2865 348 2911 noe
371 2844 527 2925 citatior,
559 2844 703 2910 Cassiod.
728 2845 872 2929 (Epiph.)
900 2839 974 2910 hist.
998 2845 1071 2928 trip.
1097 2844 1134 2924 V,
1159 2848 1200 2910 34
1229 2870 1305 2933 qaae

229 2976 304 3050 part
326 2964 466 3030 crebram
489 2965 668 3028 citationem
689 2965 825 3029 aoieater
850 2987 1012 3028 accurrere
1033 2963 1222 3030 acciderant.
1356 2975 1359 2979 ⁴

194 3193 231 3232 ao
310 3154 460 3235 citritus
487 3172 559 3254 (pro
581 3171 710 3252 citreus)
734 3169 831 3234 Firm.
855 3190 911 3233 m.:
936 3170 971 3231 A.

310 3340 494 3422 clamatio:
522 3356 671 3421 Phileetr.
693 3354 780 3421 haer.
801 3358 859 3422 155
884 3358 969 3440 (aum
991 3358 1084 3419 tanta
1106 3353 1304 3419 immensitas

232 3476 292 3542 Dei
315 3476 429 3542 dicitur
451 3470 547 3560 et'que
569 3475 743 3554 nuntiatur,
768 3473 891 3539 duabus
907 3472 1029 3556 perric,
1052 3472 1086 3537 id
1109 3474 1160 3536 est
1182 3491 1202 3534 a
1224 3470 1305 3537 Che-

232 3595 337 3660 rubim
360 3601 392 3661 et
413 3592 590 3676 Seraphim,
613 3593 682 3676 lege
708 3598 804 3676 atque
823 3591 989 3675 prophetis
1010 3591 1135 3655 canitur
1157 3597 1189 3656 et
1211 3611 1304 3674 prec-

234 3713 385 3797 dicatur.)
421 3714 573 3778 Duarum
589 3713 690 3776 eticm'
703 3735 881 3798 percaram
903 3711 1051 3776 clamatio
1069 3708 1121 3773 die-
1142 3722 1304 3797 roctaqae,

232 3831 268 3896 ici
290 3845 335 3897 eet
357 3833 408 3896 iric
430 3844 460 3896 et
481 3834 515 3896 ia
530 3833 659 3919 fetare,
683 3832 789 3896 corda
813 3832 930 3919 quippe
954 3830 1127 3895 credulitas
1146 3831 1304 3895 heminam

234 3961 327 4036 atque
349 3952 416 4015 arie
439 3950 596 4032 caafeeeio
618 3974 677 4015 roa
701 3949 855 4029 destiteris,
878 3951 1040 4014 iraeaitar
1062 3948 1202 4035 quotidie
1221 3972 1304 4014 reeo-

229 4068 347 4149 ,rarda
377 4070 463 4136 Hier.
485 4071 527 4153 (1)
557 4071 590 4134 in
617 4092 665 4154 ps.
691 4075 751 4136 119
775 4093 883 4155 expos.
908 4069 1036 4137 secund.
1054 4069 1109 4136 ‘ad
1133 4071 1303 4137 Dominum
1327 4147 1331 4156 ι

233 4207 305 4252 eum
326 4187 502 4254 tribularer
524 4187 671 4269 clamari,
695 4196 728 4255 et
750 4190 914 4255 exaudiuit
936 4189 995 4255 me'
1022 4236 1054 4253 ..
1080 4191 1112 4253 ia
1129 4177 1302 4254 aro‘cerra
