2940 4936
705 430 917 493 -66,

353 620 514 680 *cauum
543 634 676 699 prorsus
705 616 727 678 i.
750 615 877 679 morbus
900 616 980 680 Nou.
1003 635 1034 698 p.
1059 616 1120 679 299
1144 614 1305 697 (morbum
1328 637 1349 679 a

276 735 356 800 uitio
378 734 549 818 prudentia
572 739 716 798 ueterum
738 732 784 797 sic
805 732 906 797 uoluit
922 734 1075 817 seperari,
1098 737 1135 798 ut
1156 734 1197 799 sit
1217 732 1350 800 morbus

276 875 347 919 oum
379 873 508 919 accessu
539 853 650 936 utique
684 856 741 916 sut
773 852 927 935 temporis
958 857 1014 918 aui
1042 853 1204 936 contsgii,)
1233 855 1349 918 uirium

272 983 427 1059 perpetua
451 985 479 1036 at
502 971 700 1036 insanabilis
716 985 808 1058 atqua
833 971 1054 1038 r‘rreaooabr'lis
1070 993 1177 1050 causa,
1201 976 1234 1036 ei
1249 973 1349 1055 magis

275 1090 321 1155 Pl.
336 1091 403 1156 Vol.
420 1093 458 1165 11,
474 1092 516 1156 30
538 1089 678 1155 medetur
701 1092 809 1155 causis
825 1092 921 1154 etiam
935 1091 1090 1169 matricis,
1114 1090 1171 1156 Th.
1188 1090 1286 1157 Prisc.
1306 1095 1354 1173 11,

275 1208 341 1274 chr.
366 1211 384 1272 7
409 1214 441 1273 et
463 1228 560 1291 saep,
584 1211 660 1291 Veg.
685 1230 726 1287 u.‚
758 1208 843 1273 Coei.
868 1212 954 1288 Aua,
985 1208 1072 1273 Osse.
1095 1208 1161 1274 Fel.
1185 1211 1226 1274 42
1249 1231 1281 1294 p.
1306 1214 1346 1276 97

275 1328 343 1392 alia
366 1351 443 1393 aura
466 1327 620 1392 stomachi
641 1326 686 1391 acl
707 1349 820 1391 causas
843 1350 944 1413 snpra
959 1328 1097 1413 scriptas
1114 1327 1159 1411 (h.
1175 1349 1202 1392 e.
1219 1327 1261 1393 ad
1284 1333 1349 1395 sto·

275 1445 381 1511 mechi
395 1446 567 1529 passiones,
591 1465 676 1529 spec.
692 1445 954 1511 rheumatismum
972 1446 1150 1530 stomachi),
1172 1458 1209 1511 ut
1230 1449 1348 1514 embro-

275 1566 370 1629 or'smo
400 1576 550 1628 curantur
573 1564 624 1643 ol,
659 1602 700 1613 -
728 1584 768 1630 ac
789 1565 923 1648 proinde
947 1565 1164 1631 censurius
1187 1588 1216 1651 q.
1241 1587 1346 1652 aeger,

273 1691 311 1749 ut
325 1684 423 1748 Marc.
440 1683 532 1766 Emp.
549 1704 580 1767 p.
597 1683 697 1747 2951)
721 1682 807 1748 denti
828 1686 975 1750 causario
999 1689 1046 1764 (et
1068 1685 1115 1750 its
1130 1685 1260 1768 quidem
1282 1688 1348 1753 iem

274 1804 357 1882 Seu,
374 1801 478 1885 Pha),
501 1801 553 1867 uel
575 1801 674 1867 subet.
692 1801 790 1866 Marc.
807 1803 900 1887 Emp.
918 1825 949 1886 p.
967 1802 1065 1869 275ss
1087 1805 1255 1890 quemlibet
1277 1830 1350 1872 ocu·

275 1924 377 1989 lorum
398 1923 595 2000 causariam,
623 1922 659 1986 it.
682 1941 751 2005 gen.
775 1926 877 1988 neuir.
900 1921 1001 1988 320G
1031 1934 1134 1988 cetera
1163 1948 1244 2012 quae
1273 1939 1350 1992 sunt

274 2045 306 2106 in
330 2043 458 2106 lacertis
481 2053 510 2106 et
532 2045 649 2108 cubitis
677 2055 706 2108 et
736 2043 847 2130 dipltis
870 2044 1039 2127 causaria;
1067 2044 1135 2110 sim.
1159 2047 1348 2111 causalis

166 2197 167 2200 ι
276 2183 307 2245 q.
330 2161 434 2227 morbi
464 2182 595 2228 causam
617 2161 754 2246 efferens
775 2163 825 2229 Ps.
851 2162 947 2247 Cypr.
970 2163 1049 2245 sing.
1072 2163 1147 2229 aler.
1171 2167 1190 2229 6
1217 2167 1348 2230 causale

276 2295 321 2346 est
343 2305 430 2347 omne
454 2280 537 2367 qnod
551 2281 698 2367 feminae
721 2293 776 2363 est,
800 2294 829 2345 ct
850 2282 1011 2368 copulatio
1034 2285 1102 2349 eius
1125 2307 1245 2369 semper
1264 2285 1348 2364 infe·

275 2412 326 2464 sta
349 2413 403 2485 est,
431 2449 438 2464 .
463 2449 470 2466 .
493 2401 700 2466 insanabilem
724 2403 839 2488 imperit
858 2402 992 2489 plapam
1015 2405 1076 2488 (ita
1095 2425 1174 2470 rece.
1198 2409 1230 2470 ei
1252 2428 1345 2470 cau-

275 2522 394 2600 satio,
417 2523 453 2585 ui
476 2520 563 2586 Osee.
584 2520 649 2586 Fel.
673 2522 715 2586 48
737 2523 780 2587 iu.
805 2536 850 2586 ast
874 2520 1072 2609 dysenterica
1087 2525 1203 2610 passio
1226 2527 1346 2590 intesti-

274 2662 385 2704 norum
408 2642 550 2707 causatio
573 2663 643 2704 cum
664 2641 868 2721 ulceratione,
891 2642 932 2706 43
954 2663 987 2726 p.
1013 2643 1073 2707 108
1100 2645 1129 2708 si
1151 2645 1186 2708 iu
1211 2645 1347 2731 aspritu-

276 2757 346 2822 dine
362 2757 470 2844 fuerit
493 2759 613 2845 splenis
635 2759 788 2839 causatio,
813 2762 828 2822 1
854 2781 884 2842 p.
903 2761 932 2840 2,
957 2761 997 2825 43
1020 2761 1074 2841 iu,
1104 2764 1143 2826 67
1166 2783 1198 2845 p.
1217 2765 1277 2828 166
1293 2764 1344 2842 si,

272 2877 376 2961 Pali).

235 3086 273 3127 roo
352 3049 567 3132 latitamus:
595 3066 655 3131 inc.
674 3087 747 3150 quu.
771 3087 811 3130 ex
833 3069 937 3147 utroq.
955 3064 1038 3128 Test.
1057 3065 1117 3127 122
1142 3060 1234 3148 (nihil
1248 3062 1344 3146 pleae

272 3183 380 3248 differt
403 3185 436 3249 in
459 3183 650 3263 substantia,
675 3184 750 3266 quia
772 3203 869 3248 uerus
884 3181 983 3246 Filius
1005 3184 1081 3265 esi);
1107 3182 1217 3268 differt
1239 3196 1342 3248 autem

271 3306 303 3367 in
326 3305 529 3368 causalitatls
555 3303 662 3389 prada
692 3302 786 3388 (rMe.
810 3299 915 3366 Celb.:
945 3301 978 3364 in
1000 3321 1099 3367 causa
1120 3301 1172 3367 uel
1194 3302 1341 3387 gratim),

186 3403 191 3412 Ι
271 3424 349 3509 quia
371 3424 469 3487 omnis
487 3423 634 3508 potantia
656 3446 676 3485 a
699 3422 800 3486 Patre
822 3423 856 3485 in
880 3420 967 3484 Filio
990 3434 1045 3486 est.

350 3609 556 3676 ‘caussriz
589 3633 617 3696 q.
640 3609 771 3692 grauari
797 3607 849 3673 uel
876 3628 1028 3675 accusare
1050 3609 1137 3677 Hier.
1161 3609 1235 3676 adu.
1259 3609 1343 3693 Vigi-

271 3729 385 3797 lanti
408 3729 623 3794 causabantur·
647 3726 805 3812 quondam
829 3739 858 3790 at
880 3729 1025 3813 apostoli,
1049 3727 1134 3814 qaod
1146 3729 1269 3813 periret
1286 3749 1343 3788 un·

269 3861 418 3934 pacatum
441 3846 568 3932 (Mutth.
585 3849 635 3923 26,
652 3848 759 3930 Sem),
780 3846 838 3910 sed
857 3848 994 3912 Domini
1011 3870 1085 3912 uoce
1106 3845 1244 3931 correpti
1259 3858 1340 3925 suat,

270 3965 303 4029 in
325 3964 440 4030 Erech.
464 3983 576 4030 comm.
599 3964 632 4029 11
654 3965 697 4030 sd
720 3966 749 4042 5,
774 3966 853 4047 8sq.
876 3964 926 4045 ul,
950 3966 1053 4031 Rufin.
1076 3965 1161 4048 Orig.
1183 3965 1216 4028 in
1238 3963 1340 4029 Exod.

269 4083 301 4147 h.
319 4086 349 4163 7,
367 4086 387 4148 4
411 4107 480 4148 cum
496 4084 534 4147 de
548 4085 820 4170 prosperitatibus
836 4083 973 4149 aliorum
989 4132 996 4149 .
1014 4135 1021 4149 .
1039 4105 1220 4162 causamur,
1243 4082 1340 4166 intpr.

270 4204 356 4288 Orig.
380 4205 413 4270 in
428 4204 601 4273 Mentula
629 4209 683 4294 qui
702 4208 809 4271 Deum
832 4204 908 4290 lepis
930 4215 1115 4281 causantur,
1137 4221 1199 4266 uon
1222 4199 1342 4264 intolle-
