2970 4936
570 411 802 474 -407-

228 598 481 662 insensatus:
504 596 536 660 S.
553 595 584 661 S.
602 616 690 680 saep.
707 595 804 676 Eion,
827 597 858 661 in
879 596 993 662 Enoch.
1016 596 1047 662 h.
1072 600 1100 676 5,
1125 600 1144 662 5
1167 620 1221 662 nos

152 717 305 780 insensati
327 716 465 778 nolentes
488 739 524 780 ea
547 714 681 794 ducere,
710 739 790 802 quae
819 716 908 779 nobis
931 717 1085 781 incutiant
1106 730 1220 780 metum

128 833 203 913 'al.,
228 833 329 900 Rafin.
347 833 433 917 orig.
458 833 558 916 princ.
582 833 636 913 IV,
664 837 690 912 1,
715 838 745 912 4,
769 834 863 917 intpr.
883 833 967 917 Orig.
991 834 1023 898 in
1047 833 1162 900 Malth.
1179 835 1219 899 39

148 952 437 1039 pseudoprophetae
459 953 691 1016 multitudinem
712 955 936 1016 insensatorum
950 952 1105 1037 fallentes,
1129 954 1219 1036 Aug„

149 1073 245 1155 intpr.
269 1071 361 1151 Irsn,
386 1071 492 1138 Herm.
519 1052 605 1137 Pasl.

227 1295 517 1359 *insensibilia
544 1299 605 1358 acl.
624 1294 700 1358 Arn.
714 1293 756 1375 II,
772 1295 823 1374 28,
840 1295 937 1369 tant,
955 1294 1040 1360 Hier.
1057 1293 1088 1357 in
1105 1292 1218 1359 Enati

149 1434 179 1495 p.
197 1415 258 1477 442
283 1436 319 1476 ne
341 1435 372 1476 se
397 1415 482 1480 dieat
497 1414 704 1478 insensibilem
727 1424 755 1477 et
776 1421 918 1477 stolidum
934 1437 954 1482 a
969 1413 1040 1477 Deo
1057 1436 1122 1476 esse
1135 1436 1219 1491 pene·

149 1545 265 1611 natum,
288 1531 321 1595 in
344 1531 384 1596 Is.
402 1531 433 1596 11
456 1532 498 1601 sd
514 1536 544 1612 b,
563 1536 601 1597 14
614 1553 659 1617 sq.
677 1530 729 1610 al,
753 1532 856 1598 Rufin.
877 1532 962 1616 Orig.
986 1533 1017 1597 in
1042 1533 1115 1596 teu.
1135 1535 1182 1612 13,
1199 1535 1218 1597 5

149 1661 342 1714 structuram
369 1649 512 1736 lapidum
541 1651 782 1729 insensibilium,
818 1688 857 1700 -
891 1650 976 1718 adu.
1005 1652 1086 1716 Mar.
1110 1650 1217 1730 Mera,

149 1769 303 1848 Cassian,
326 1768 413 1838 Cass.
438 1769 502 1835 Fal.
526 1773 567 1835 46
595 1791 626 1852 p.
654 1773 712 1834 116
740 1778 834 1840 urina
854 1793 912 1855 per
926 1780 1038 1855 pastas
1060 1771 1217 1835 insensibi-

150 1889 221 1953 liter
244 1889 421 1952 secluditur
444 1888 485 1953 al.

158 2083 160 2086 ⁵
224 2093 548 2168 insensibilitas:
584 2103 647 2170 uid.
672 2105 766 2176 2867.

223 2315 446 2380 insensilis:
478 2317 580 2394 Luca,
604 2317 680 2380 Ara.
706 2314 759 2392 VI,
785 2317 822 2380 15
857 2337 936 2398 qnae
958 2313 1124 2378 insensilia
1139 2314 1216 2398 fne-

66 2520 67 2525 .
146 2445 220 2500 runt
237 2437 339 2520 paulo
362 2445 440 2513 ante,
462 2434 547 2518 facit
572 2448 604 2496 ut
626 2443 688 2498 sint
712 2442 795 2513 uiua,
820 2432 927 2498 Chalc.
951 2431 1030 2497 Tim.
1055 2434 1104 2506 26.

224 2652 499 2735 insensualitas:
527 2672 605 2753 nug.
628 2690 655 2734 ο.
680 2671 788 2735 sauss.
812 2669 880 2751 XV,
904 2673 924 2735 4
954 2693 1012 2753 pu
1034 2672 1148 2760 apua
1171 2679 1215 2734 a·

145 2789 381 2864 sensualitatem
410 2790 618 2875 significatum
651 2801 696 2852 est
723 2812 775 2852 aar
806 2813 864 2852 non
895 2791 1068 2867 intellipeus,
1100 2803 1129 2853 et
1155 2814 1214 2876 per

145 2907 252 2980 earnis
274 2909 506 2972 sensualitatem
529 2901 736 2991 siqnifiaatum
757 2919 800 2982 est
816 2930 869 2970 aar
888 2910 1063 2996 intellimus,
1086 2929 1154 2993 gen.
1172 2908 1213 2975 ad

144 3024 189 3089 lit.
214 3045 264 3108 op.
288 3026 375 3110 impi.
400 3030 429 3104 b,
455 3028 495 3089 24
530 3027 757 3091 insensibilitas
788 3026 944 3112 quaedem
972 3034 1022 3090 nel
1050 3031 1080 3091 si
1102 3031 1213 3093 melius

144 3145 369 3209 insensualitas
386 3149 502 3209 elicitur
526 3146 728 3228 (insensualis
744 3145 887 3212 Cassiod.
903 3147 980 3228 res).
1021 3145 1135 3213 Vocem
1155 3145 1213 3211 ‘in-

146 3262 356 3329 sensibilitas'
383 3271 514 3348 praeter
530 3268 606 3348 Aug.
631 3265 650 3331 1.
667 3265 686 3330 l.
704 3270 860 3350 usurpant
878 3265 996 3338 Amba,
1021 3249 1099 3346 Mar.
1116 3266 1210 3331 Mera.

143 3381 229 3448 Nost.
254 3403 280 3446 a.
304 3381 411 3465 Pelag.
435 3389 529 3448 traat.
550 3385 582 3479 Ι3,
606 3386 637 3462 2,
662 3384 769 3472 [Aug.]
793 3382 900 3466 Oateg.
927 3385 964 3448 18
987 3384 1212 3448 insensibilita-

143 3514 211 3580 tem,
235 3525 342 3588 quam·
354 3500 476 3567 Graeci
494 3503 698 3589 brinsabpaian
723 3514 842 3580 nocant,
867 3501 913 3568 Cl.
930 3501 1026 3566 Mam.
1044 3523 1104 3582 an,
1121 3501 1208 3569 Cass.

141 3621 205 3686 iet.
230 3623 270 3686 63
300 3645 440 3686 sensuum
459 3644 614 3708 pressura
637 3645 740 3685 somno
764 3623 881 3700 similis,
904 3621 1145 3701 insensibilitas,
1169 3625 1208 3688 65

140 3761 170 3822 p.
198 3742 268 3820 158,
292 3744 328 3804 71
355 3762 384 3825 p.
414 3744 483 3820 169,
506 3741 629 3820 Booti,
654 3741 728 3805 Isid.
753 3762 827 3823 quu.
850 3741 882 3805 in
905 3739 1006 3814 Exad.
1023 3742 1074 3821 31,
1097 3745 1120 3822 1,
1144 3739 1209 3806 Ps-

141 3857 252 3923 Soran.
276 3880 349 3942 quu.
374 3859 484 3925 media.
509 3861 577 3923 208.

217 4079 580 4164 irrseparabiiilas:
613 4080 714 4152 Rufin.
738 4078 870 4164 Pamph.
899 4101 958 4165 pro
983 4080 1068 4163 Orig.
1090 4101 1120 4164 p·
1145 4083 1207 4148 333

141 4202 177 4257 ele
201 4198 477 4281 inseparabilitate
501 4200 583 4262 Eius
602 4226 621 4264 u
637 4199 744 4300 Patre,
769 4202 858 4284 Aug„
876 4200 1016 4264 Faustin.
1038 4200 1138 4266 »Tria
1155 4201 1206 4267 8¹.
